2882 4554
209 241 254 300 24
658 242 841 297 ΔΕΙΝΑΡΧΟΥ

210 411 294 488 λεως
315 409 411 495 τάχην
428 408 535 492 ἐάσαι,
558 411 612 477 καὶ
628 412 859 500 προσδοκῆσαι
872 408 997 478 τούτων
1012 415 1195 496 γενομένων
1209 414 1287 499 βέλ-

210 536 282 580 τιον
306 511 455 594 πράξειν.

157 621 200 686 78
292 613 488 695 Ἀκούσατε,
522 599 767 700 άἈδηυαῖοι,
797 612 947 682 κάκείνου
977 623 1037 682 τοῦ
1067 621 1286 703 ψηφίσματος

206 719 268 784 τοῦ
289 722 471 804 γραφέντος
493 712 560 783 ὑπὸ
575 716 826 803 Δημοσθένους,
851 715 1125 804 δτεταραγμένης
1147 727 1206 804 τῆς
1223 719 1286 786 πά·

208 820 291 897 λεως
318 819 402 899 μετά
430 816 488 908 την
518 818 551 886 έν
581 816 774 906 Χαιρωνείᾳ
802 818 906 906 μάχην
937 821 1080 906 ἔγραψεν
1108 815 1287 908 δδημυτι-

207 919 265 1000 ιιὸς
293 915 404 1002 οὗτος,
437 920 492 988 καί
522 924 580 1010 τῆς
607 927 764 1005 μαντείας
789 929 848 1009 τῆς
874 921 1096 1010 έλθοάσηςέκ
1117 925 1287 1013 Δωδώνης

209 1023 303 1109 παρά
325 1031 384 1090 τοτ’
406 1023 491 1101 Διὸς
512 1025 572 1091 τοῦ
593 1025 817 1092 Δωδωναίου·
851 1029 970 1112 σαφῶς
991 1023 1053 1112 γάρ
1075 1024 1154 1108 ὑμῖν
1176 1027 1286 1094 πάλαι

209 1132 387 1213 προείρηκε
410 1125 644 1213 φυλάττεσθαι
665 1128 743 1205 τοδς
765 1123 928 1214 ἡγεμόνας
955 1131 1009 1196 καὶ
1039 1128 1117 1207 τούς
1139 1128 1287 1214 συμβού-

208 1228 297 1308 λους.
342 1233 434 1314 Λέγε
454 1228 514 1316 την
536 1235 694 1311 μαντείαν
717 1231 861 1313 πρῶτον.

654 1333 844 1421 mmm.

160 1544 201 1608 79
295 1539 387 1619 Λέγε
410 1532 449 1621 δὴ
474 1531 513 1601 τδ
535 1533 634 1602 καλὸν
657 1531 820 1621 ψήφισμα
841 1531 971 1602 τούτου.

650 1673 849 1728 ΨΗΦΙΣΜΔ.

295 1840 485 1927 Δημοτικός
512 1841 547 1928 γ’
573 1837 590 1908 δ
621 1841 804 1910 διατάττων
834 1842 950 1910 ἑαυτὸν
977 1841 1054 1928 μέν,
1084 1842 1199 1928 ἐπειδὴ
1230 1838 1288 1910 άν-

212 1943 322 2028 δρείος
343 1946 397 2010 καί
420 1941 563 2028 εὔψυχός
585 1944 692 2025 ἐστιν,
723 1945 758 2014 έν
781 1949 853 2024 τοῖς
876 1941 997 2025 άπλοις
1018 1951 1138 2030 μένειν,
1170 1941 1228 2024 οὓς
1250 1940 1284 2012 δ’

211 2038 252 2113 άν
275 2044 399 2125 αὐτὸς
421 2041 655 2134 άποδοκιμάση
677 2050 743 2114 τῶν
766 2049 925 2128 πολιτῶν,
950 2046 1007 2115 έπί
1030 2047 1072 2115 τά
1094 2048 1174 2133 ἔργα
1190 2047 1289 2115 άπιέ-

211 2174 276 2229 ναι,
299 2148 355 2216 καί
378 2148 435 2217 ἐάν
457 2175 492 2216 τι
514 2147 595 2217 άλλο
617 2149 723 2236 τούτῳ
747 2147 826 2238 δάξη
850 2149 1041 2239 ἐπιτήδειον
1064 2145 1158 2233 εἶναι,
1189 2154 1287 2218 τοῦτο

210 2256 336 2319 ποιεῖν.
377 2257 469 2337 Λέγε
490 2250 532 2319 τά
555 2250 670 2320 λοιπά.

652 2374 852 2429 mmm.

160 2547 201 2612 80
295 2539 457 2627 Ἀκούετε,
481 2539 598 2628 άνδρες
621 2544 783 2611 δικασταί.
819 2536 957 2611 άπιίναι
972 2543 1054 2631 φησὶ
1070 2539 1108 2610 τδ
1127 2541 1288 2629 ψήφισμα

211 2643 271 2722 τάς
298 2640 476 2731 ᾑρημένος
502 2651 693 2731 πρεσβείας.
739 2643 939 2732 εεέπειδη
971 2642 1090 2734 ἤκουσε
1117 2640 1201 2726 μετά
1229 2642 1288 2729 τὴν

210 2745 315 2833 μάχην
338 2745 396 2834 τὴν
419 2746 453 2814 έν
475 2753 667 2835 Χαιρωνείᾳ
692 2747 869 2814 Φίλιππον
899 2745 947 2824 είς
974 2743 1032 2836 τήν
1061 2744 1170 2833 χώραν
1196 2742 1288 2832 ἡμῶν

210 2848 343 2934 μέλλειν
368 2847 563 2932 εἰσβάλλειν,
596 2849 695 2928 αὐτὸς
722 2848 838 2916 ἑαυτὸν
861 2848 1066 2936 πρεσβευτὴν
1089 2845 1290 2916 κατασκευά-

212 2975 289 3032 σας,
321 2947 369 3018 ἵν’
394 2949 429 3018 ἐκ
455 2953 513 3040 τῆς
541 2949 672 3030 πόλεως
701 2950 888 3038 ἀποδραίη,
924 2950 1208 3034 συσκευασάμενος
1230 2956 1289 3039 τῆς

212 3049 407 3141 διοικήσεως
431 3048 514 3120 ὀκτὼ
537 3053 694 3134 τάλαντα,
722 3048 818 3121 οὐδέν
842 3060 1024 3141 φροντίσας
1044 3059 1103 3141 τῆς
1124 3049 1200 3120 τότε
1222 3076 1290 3118 πα-

213 3153 333 3242 ρούσης
349 3150 502 3240 άπορίας,
527 3153 615 3244 ἡνίχ’
633 3156 666 3223 οί
688 3154 785 3223 άλλυι
807 3155 930 3236 πάντες
953 3155 987 3223 έκ
1008 3162 1074 3220 τῶν
1099 3153 1193 3222 ἰδίων
1211 3154 1289 3222 έπε-

162 3262 202 3328 81
214 3258 351 3324 δίδοσαν
375 3257 421 3335 είς
442 3255 500 3347 τήν
523 3255 680 3344 ὑμετέραν
703 3255 880 3346 σωτηρίαν.
910 3258 1061 3335 τοιοῦτος
1078 3251 1155 3338 ὑμῖν
1173 3253 1191 3323 δ
1207 3254 1290 3340 σάμ-

285 3446 315 3500 13
333 3440 441 3513 πράξ..
460 3444 483 3495 Ν
501 3460 552 3512 pn,
575 3461 638 3499 corr.
656 3444 700 3498 N¹.
717 3471 752 3484 -
769 3444 812 3510 28,
831 3446 846 3497 2
864 3443 913 3496 τοῦ
991 3442 1118 3511 Δημασδ.
1135 3443 1186 3496 del.
1205 3443 1290 3512 Kleyn

213 3543 247 3554 -
264 3505 311 3566 ὅτε
327 3529 418 3581 τεταρ.
436 3511 509 3579 Apr.
521 3513 565 3578 N¹,
583 3513 610 3565 in
628 3516 649 3565 Α
668 3528 755 3566 rasura
773 3527 846 3577 corr„
864 3506 1009 3582 δτπεταρ.
1027 3511 1050 3565 N
1069 3527 1105 3579 pr.
1123 3541 1158 3552 -
1175 3516 1190 3566 3
1209 3513 1290 3582 ίγρα-

213 3599 273 3652 ψαν
285 3584 308 3634 Α
320 3597 366 3650 ρι’,
378 3596 441 3634 corr.
453 3580 497 3632 λ’.
514 3607 550 3620 -
567 3580 609 3642 w,
624 3585 635 3634 1
650 3578 700 3651 (τὸ
729 3577 828 3633 τούτου
840 3580 934 3632 Reiske
947 3585 964 3631 t.
976 3610 1010 3620 -
1023 3582 1038 3634 ³
1049 3598 1082 3652 γε
1094 3585 1148 3632 ί-
1161 3575 1289 3632 δισττάτ·

213 3650 312 3703 τωνΔ
342 3665 372 3716 r.‚
390 3664 454 3702 corr.
465 3648 510 3705 Δί.
527 3676 561 3687 -
579 3652 594 3701 5
612 3635 689 3701 οὗτοι
747 3678 780 3689 -
798 3643 998 3730 ἆποδοκιμάσει
1010 3648 1032 3702 N
1045 3656 1071 3700 et
1085 3648 1113 3700 ft.
1125 3649 1147 3700 A
1161 3664 1207 3716 ηε,
1225 3663 1289 3701 corr.

213 3718 292 3768 A1-
307 3736 343 3770 τα
355 3733 405 3771 om.
417 3716 449 3771 N.
466 3745 500 3756 -
518 3719 534 3770 8
545 3722 681 3785 μαρτυρία
689 3718 720 3770 Δ.
732 3746 766 3756 -
778 3717 824 3781 80,
836 3720 848 3770 1
863 3705 886 3767 ὦ
899 3712 995 3786 ανδρεε
1006 3717 1048 3769 Δί.
1060 3743 1094 3754 -
1107 3718 1123 3768 2
1135 3715 1289 3786 είρημίναει

214 3801 277 3867 εχιτ.
284 3784 356 3837 Wolf
362 3790 560 3856 -πρεσβειαι,
568 3785 613 3838 ίπ.
620 3790 638 3848 ί,
648 3785 765 3838 lacunam
775 3783 1027 3849 statuitL.Schmidt‚
1037 3784 1207 3852 supplendum
1217 3783 1289 3836 forta

212 3869 292 3907 ουτοε
308 3848 326 3905 δ
330 3847 337 3870 ’
352 3850 439 3920 ρίχιτο
451 3849 545 3907 ἆπιοίυ
561 3881 595 3893 -
613 3848 708 3919 ἐπειδὴ
720 3849 784 3922 (δὲ)
797 3852 868 3905 Wolf
884 3883 917 3892 -
936 3849 1022 3919 ᾤχετο
1040 3859 1100 3918 post
1113 3849 1238 3904 τάλαντα
1249 3851 1291 3902 in·

213 3923 276 3976 serit
284 3920 423 3985 Μεειτοει,
442 3930 501 3989 post
512 3916 648 3989 ἀποδραίη
660 3919 742 3975 ΒΙεεε.
761 3951 795 3961 -
814 3925 829 3975 5
842 3916 1106 3992 συγκενασάμενοελ
1123 3947 1157 3958 -
1167 3918 1231 3990 (λιι)
1242 3919 1290 3987 τῆς

214 3990 312 4044 Wutm.
328 4017 363 4029 —
380 3993 395 4043 6
414 3987 478 4043 ου’δδ
494 3991 525 4044 Α.
542 4019 577 4030 -
594 3994 608 4043 Ιί
629 3983 798 4043 ἀπεδίδοσαν
816 3989 848 4044 Ν.
865 4016 900 4028 -
918 3993 933 4044 8
951 3983 1087 4058 ἡμετέραν
1105 3986 1136 4043 Ν.
