2882 4554
519 244 604 300 ΚλΤλ
624 241 875 300 &ammom
1215 242 1233 300 9

163 417 218 486 καί
247 431 317 496 τοῖς
345 419 442 494 θεοῖς
471 414 530 494 τὰς
558 414 698 491 ἐλπίδας
719 421 778 502 τῆς
801 408 964 496 σωτηρίας
987 411 1082 494 ἰχετε.
1125 408 1234 494 μόνως
1244 418 1285 480 27

163 521 225 607 γάρ
249 516 363 598 ούτως,
385 515 501 604 ἄνδρες
519 512 709 603 Ἀθηναῖοι,
732 515 841 600 μόνως
862 513 917 582 καί
931 510 1142 593 τούςάλλους
1157 536 1234 602 ποι·

164 623 259 712 ἡσετε
280 623 444 706 βελτίους,
476 617 531 687 έοίν
559 617 635 698 τοὺς
665 615 816 697 ένδόξους
845 621 910 683 τῶν
933 617 1087 702 πονηρῶν
1110 615 1235 700 ἐξελέγ-

165 727 277 806 ξαντες
293 723 453 811 κολάσητε
474 729 553 788 τῶν
576 716 842 805 ἀδικημάτων
865 713 975 798 άξίως.
1006 716 1081 796 τούς
1096 719 1157 800 μὲν
1172 718 1233 804 γὰρ

164 827 320 910 τυχόντας
342 829 407 892 τῶν
430 829 637 909 κρινομένων,
662 819 739 889 όταν
763 818 897 902 άλιῦσιν,
920 818 1028 898 οὐδεὶς
1051 814 1139 887 οἶδεν
1158 816 1234 886 ούόέ

166 930 257 1014 ζητεῖ
279 933 458 995 πυθέσθαι
479 935 513 994 τί
534 925 747 993 πεπόνθασι·
778 925 854 1003 τούς
880 918 913 989 δ’
939 921 1090 1002 ἐνδόξους
1111 921 1234 1002 πάντες

164 1028 411 1109 πυνθάνονται,
439 1031 493 1096 καί
521 1028 598 1106 τούς
629 1026 819 1109 δικάζοντας
843 1026 1057 1108 ἐπαινοῦσιν,
1086 1021 1166 1092 όταν
1194 1021 1233 1090 τὸ

166 1135 292 1201 δίκαιον
313 1133 357 1222 μὴ
381 1131 554 1218 πρόωνται
574 1134 649 1209 ταῖς
671 1131 737 1196 τῶν
753 1135 958 1213 Ικρυνσμίνων
982 1127 1103 1210 δόξαις.
1136 1123 1234 1196 Ἀνά·

163 1243 272 1322 γνωθι
307 1231 345 1300 τό
380 1233 543 1323 ψήφισμα
570 1232 609 1299 τό
640 1235 806 1320 Θηβαίων.
857 1230 929 1317 λέγε
956 1231 1015 1309 τὰς
1042 1240 1233 1319 μαρτυρίας.

164 1336 367 1424 ,ἀναγίνωσκε
389 1334 449 1415 τάς
472 1334 659 1414 ἐπιστολάς.

343 1475 541 1529 ΨΗΦΙΣΜΑ.
576 1475 805 1529 MAPTYPIAI.
840 1475 1057 1528 ΕΠΙΣΤΟΛΑΙ.

248 1642 439 1722 Μισθωτός
461 1636 568 1722 οὗτος,
591 1627 823 1728 οἷἈθηναῖοι,
846 1640 1020 1725 μισθωτὸς
1038 1635 1139 1720 οὗτός
1163 1641 1233 1708 έστι
1242 1653 1282 1716 28

165 1744 318 1824 παλαιός.
344 1739 440 1824 οὗτος
463 1736 503 1830 ἦν
526 1740 544 1810 ό
566 1742 624 1834 τήν
647 1749 827 1830 πρεσβείαν
855 1743 913 1828 την
940 1743 1032 1829 παρὰ
1057 1745 1233 1810 Φιλίππου

164 1853 387 1934 πορευομένην
404 1843 449 1926 αἰς
463 1842 550 1936 ἡμᾶς
565 1846 599 1913 έκ
615 1848 734 1932 Θηβῶν
756 1844 906 1925 καλέσας,
929 1845 985 1913 καί
1006 1844 1065 1912 τοι)
1088 1847 1234 1933 λυθῆναι

163 1948 220 2017 τὸν
243 1953 376 2033 πρῶτον
399 1949 546 2033 πόλεμον
570 1949 678 2028 αἰτιος
699 1947 887 2034 γενόμενος·
916 1941 1012 2026 οὗτος
1037 1948 1234 2034 Φιλοκράτει

164 2052 446 2137 συναπελογεῖτο
469 2059 517 2140 τῷ
538 2051 707 2137 γράψαντι
722 2051 810 2136 πρὸς
828 2051 1003 2117 Φίλιππον
1020 2047 1159 2138 εἰρήνην,
1184 2045 1230 2116 δι’

163 2151 201 2243 ἢν
224 2150 320 2236 ύμεῖς
343 2154 464 2256 ἐκεῖνου
488 2153 664 2238 ἐξεβάλετε,
688 2155 743 2220 καὶ
767 2153 858 2239 ζεύγη
880 2157 952 2232 τοῖς
964 2158 1146 2239 πρέσβεσιν
1163 2150 1235 2236 έμι-

166 2255 326 2323 σθιύσατο
349 2269 420 2334 τοῖς
442 2253 525 2337 μετά
536 2249 761 2342 Ἀντιπάτρου
785 2250 876 2340 δεῦρ’
894 2255 1061 2335 ἐλθοῦσιν,
1083 2249 1233 2338 ἀναλαμ-

162 2357 273 2443 βάνων
296 2351 416 2434 αύτούς
438 2355 492 2422 καί
515 2355 553 2422 τό
574 2356 761 2424 κολακεύειν
783 2355 861 2436 τούς
879 2355 1078 2436 Μακεδόνας
1100 2360 1234 2443 πρῶτος

162 2460 208 2538 εἰς
230 2459 288 2550 τὴν
311 2458 412 2526 πόλιν
437 2457 587 2543 εἰσάγων.
631 2457 674 2547 μη
699 2457 814 2548 ἀφῆτε,
837 2457 954 2545 ι’ἰνδρες
972 2453 1163 2544 Ἀθηναῖοι,
1186 2459 1231 2548 μη
1242 2469 1283 2532 29

162 2561 268 2650 ἀφῆτε
290 2561 347 2629 τὸν
367 2561 426 2628 ἰπὶ
448 2565 521 2640 τοῖς
542 2563 600 2649 τῆς
621 2561 752 2640 πόλεως
773 2563 907 2628 καὶτῶν
924 2557 1203 2649 άλλωνἛλλήνων
1226 2565 1232 2651 Ι

163 2657 365 2752 ἀτυχήμασιν
388 2663 666 2749 ἐπιγεγραμμένον
699 2661 922 2750 άτιμιόρητον,
959 2663 1150 2749 εἰλημμένον
1173 2659 1230 2732 ἐπ’
1253 2681 1283 2732 94

163 2763 351 2854 αὐτοφώρῳ
375 2766 465 2849 δῶρα
489 2767 603 2849 ἔχοντα
624 2765 708 2832 κατὰ
729 2765 789 2852 τῆς
811 2764 952 2846 πόλεως,
975 2766 1058 2852 μηδὲ
1078 2768 1137 2855 τῆς
1154 2761 1234 2852 άγα-

161 2874 228 2956 θῇς
250 2867 347 2954 τύχης
369 2865 457 2954 ἡμᾶς
479 2867 536 2936 ἐπὶ
558 2869 597 2933 τὸ
619 2868 749 2952 βέλτιον
773 2865 924 2955 υἰγούσηςν
947 2870 1001 2934 καί
1016 2867 1073 2934 τόν
1088 2869 1148 2952 μὲν
1164 2868 1234 2936 ἰτε-

162 2992 218 3054 ρον
241 2977 306 3036 τῶν
329 2967 388 3057 την
411 2971 558 3054 πατρίδα
581 2971 831 3054 λελυμασμένων
856 2969 890 3038 έκ
912 2973 969 3057 τίς
991 2969 1122 3048 πόλεως
1144 2969 1235 3054 ἐκβε-

161 3071 332 3158 βληκυίας,
356 3074 477 3138 τοῦτον
498 3070 536 3138 ’δ’
558 3069 637 3156 ύμῖν
661 3067 857 3140 ἀποκτεῖναι
878 3071 1091 3158 παραδούσης
1097 3122 1106 3152 ,
1138 3068 1233 3139 αύτοί

160 3183 234 3252 τοῖς
254 3177 342 3241 πᾶσι
365 3179 588 3262 συμφέρουσιν
611 3174 842 3262 ἐναντιωθῆτε,
867 3170 951 3242 ἀλλὰ
965 3181 1233 3257 μετοιωνίσασθε

161 3273 220 3353 τὰς
242 3279 301 3363 τῆς
323 3276 456 3356 πόλεως
478 3275 631 3362 πράξεις,
667 3277 714 3356 εἰς
735 3277 871 3356 τούτους
893 3277 970 3356 τούς
992 3275 1152 3363 ἡγεμόνας
1174 3277 1233 3356 τὰς
1249 3293 1253 3310 ’·

161 3371 295 3461 άτυχίας
328 3385 518 3464 τρέψαντες.
565 3379 612 3458 εἰς
645 3383 745 3446 ποῖον
773 3379 834 3464 γὰρ
864 3379 978 3465 καιρὸν
1007 3378 1233 3468 ἀποθήσεσθε
1242 3385 1282 3448 30

222 3649 270 3714 Ἥ,
289 3654 304 3704 2
324 3639 347 3702 τό
364 3645 461 3718 ἄνδρα
477 3651 522 3715 λλ,
547 3647 616 3723 ἅνδρ
628 3689 651 3704 ..
669 3650 692 3703 Ν
709 3666 757 3718 μα,
779 3646 874 3721 ἄνδρα
891 3652 934 3706 N².
952 3682 986 3692 -
1003 3656 1021 3705 4
1038 3651 1085 3716 τῆτ
1101 3653 1233 3722 πονηρίαι

158 3713 243 3781 ἆξίωε
259 3720 302 3786 At,
320 3719 384 3771 αλδ
402 3734 427 3784 p.
441 3723 464 3770 ’λ
482 3747 516 3758 -
534 3723 550 3772 9
568 3721 607 3772 tit.
624 3716 753 3789 ψήφισμα
770 3725 830 3786 post
849 3722 988 3805 Θηραίων,
1008 3724 1155 3790 μαρτυρίαι
1172 3724 1233 3788 post

158 3791 309 3858 μαρτυρίαν
327 3786 476 3839 collocanda
495 3791 583 3840 censet
599 3787 722 3840 Schmidt
740 3813 774 3826 -—
792 3787 865 3853 28‚3
885 3786 1031 3842 .κκαλέουτ
1048 3789 1128 3855 Αμυ,
1145 3802 1232 3840 rasura

160 3869 223 3907 σοιν.
241 3885 274 3896 -
294 3857 309 3907 5
327 3851 545 3940 συνανελογεῖτοι
565 3855 728 3938 cornwgrm
746 3871 777 3908 ex
794 3857 886 3911 Aesch.
905 3857 943 3921 111,
956 3859 996 3920 62,
1015 3853 1231 3927 συνωμολογεῖτο

160 3921 263 3991 Sauppe
279 3927 298 3976 t.
318 3952 350 3963 ὰ
369 3928 383 3978 ’ί
402 3941 454 3990 μετ
479 3928 497 3976 λ.
516 3951 550 3961 -
566 3924 639 3989 29,1
661 3942 683 3976 ον
699 3919 794 3994 ἄνδρα
805 3924 848 3977 At.
864 3953 899 3964 -
917 3929 932 3978 2
950 3927 1006 3977 τοῖς
1017 3924 1043 3976 in
1055 3939 1142 3978 rasura
1156 3939 1233 3991 supra

158 4005 260 4043 versum
278 3992 321 4047 N¹.
340 4021 372 4030 -
392 3995 406 4044 5
425 3987 492 4060 ὑμᾶς
509 3991 613 4060 Sauppe
631 3995 649 4047 t.
667 4020 701 4031 -
722 3997 751 4047 10
770 3987 917 4056 ἀποτυχίας
934 3996 952 4058 t,
971 3993 1033 4046 ολῦ
1052 4009 1077 4060 μ.
1091 3995 1114 4048 3.
