2882 4554
514 232 597 284 xm
615 230 867 286 ΔΗΜΟΣΘΕΝΟΥΣ.
1191 231 1230 290 19

239 393 311 487 ΙἪ
337 408 436 467 τοῦτο
464 401 523 484 μέν
547 399 604 467 οῦκ
627 398 846 488 ἐπιχειρήσεις
868 400 971 484 λέγειν
978 453 987 483 ,
1018 397 1070 469 ὅτι
1099 403 1135 469 δὲ
1164 409 1229 468 τῶν
1240 413 1278 476 61

156 502 340 588 πρότερον
369 497 637 586 ἀποφανθέντων
667 498 734 567 ὑπὸ
762 509 822 588 τῆς
846 503 968 591 βουλῆς
989 513 1062 581 τοῖς
1082 505 1142 584 μέν
1169 501 1229 570 ἀλ-
1252 524 1282 575 98

158 607 230 683 λοις
258 599 503 690 ὡμολογηκέναι
532 603 732 690 συμβέβηκεν
761 597 855 683 ἀξίαν
885 598 970 671 εἶναι
991 602 1049 692 τήν
1071 612 1129 689 τῆς
1150 612 1230 689 βου·
1293 641 1294 648 1

156 708 217 794 λῆς
240 706 388 796 ζήτησιν,
418 705 474 773 σοί
504 707 541 774 δὲ
567 705 658 792 μόνην
686 704 729 771 τὰ
754 705 832 789 περί
856 701 959 795 αῦτής
981 705 1230 796 ήναντιῦσθαι;

157 808 242 877 ἀλλὰ
274 810 376 894 μόνος
409 808 450 876 σῦ
481 815 547 874 τῶν
581 807 722 875 πώποτε
756 807 1052 894 ἀποπεφασμένων
1084 805 1231 896 ἠξίωσας

156 910 235 979 έκὼν
263 918 391 999 σεαυτῷ
418 910 555 989 τούτους
581 911 695 994 κριτάς
723 911 776 976 καί
809 910 945 997 ζητητάς
972 917 1145 996 γενέσθαι,
1174 911 1230 979 καί

156 1015 306 1100 ἔγραψας
327 1013 410 1082 κατὰ
433 1020 573 1080 σεαυτοῦ
594 1010 634 1079 τὸ
656 1011 829 1099 ψήφισμα,
852 1015 907 1080 καί
930 1013 988 1080 τὸν
1012 1016 1114 1104 δῆμον
1134 1014 1230 1080 ίποι-

156 1117 227 1204 ήσω
249 1116 399 1201 μάρτυρα
421 1123 487 1183 τῶν
510 1111 780 1201 ὡμολογημένων,
806 1109 1002 1197 ὁρισάμενος
1024 1123 1152 1203 σεαυτῷ
1175 1117 1230 1202 ζη-

154 1225 234 1304 μίαν
257 1213 342 1286 εἶναι
363 1218 522 1299 θάνατον,
545 1215 602 1284 έάν
625 1211 786 1304 ἀποφήνῃ
809 1215 882 1306 <σ’>
903 1214 923 1307 ή
945 1219 1048 1308 βουλή
1068 1221 1135 1284 τῶν
1153 1245 1229 1305 χρη-

154 1320 267 1404 μάτων
300 1320 460 1407 εἰληφότα
493 1345 526 1387 τι
558 1327 625 1385 τῶν
659 1318 706 1398 είς
738 1319 796 1404 τίν
828 1317 935 1405 χώραν
967 1316 1034 1386 ῦπά
1058 1316 1228 1405 Ἁρπάλου

154 1422 393 1504 κομισθέντων.
437 1419 522 1488 ἀλλά
543 1422 608 1509 μήν
631 1421 793 1506 πρότερον
818 1424 966 1508 ἔγραψας
988 1422 1038 1502 σά,
1063 1407 1091 1488 ιό
1112 1423 1279 1510 Δημό-62

155 1531 289 1603 σθενες,
318 1523 402 1590 κατά
424 1520 557 1590 πάντων
579 1523 705 1592 τούτων
734 1523 790 1590 καὶ
817 1531 883 1590 τῶν
906 1521 1015 1591 ἀλλων
1034 1519 1227 1612 Ἀθηναίων

154 1624 268 1713 κυρίαν
297 1620 382 1694 εἶναι
409 1625 468 1714 τήν
497 1626 533 1705 ἐξ
557 1620 689 1711 Ἀρείοο
712 1625 821 1710 πάγου
849 1626 972 1713 βουλὴν
1001 1627 1140 1694 κολάσαι
1169 1627 1227 1699 τὸν

154 1728 247 1812 παρὰ
261 1727 338 1806 τοῦς
353 1727 474 1812 νόμους
489 1727 754 1813 πλημμελοῦντα,
777 1733 945 1815 χρωμένην
959 1739 1032 1808 τοῖς
1048 1727 1228 1812 πατρίοις

153 1831 283 1916 νόμοις·
306 1833 359 1896 καί
381 1830 577 1913 παρέδωκας
596 1829 636 1894 οῦ
658 1828 713 1896 καί
729 1829 926 1913 ἐνεχείρισας
941 1831 1001 1919 τήν
1017 1830 1117 1897 πόλιν
1138 1828 1228 1898 ἀπα-

154 1956 215 1999 σαν
236 1931 340 2020 ταύτῃ
347 1982 356 2011 ,
386 1929 425 2019 ἣν
448 1930 566 1998 αὐτίκα
588 1929 709 2020 φήσεις
733 1930 938 2021 ὀλιγαρχικήν
961 1929 1063 2000 είναι·
1097 1934 1153 2001 καί
1173 1959 1228 2001 τε·

153 2041 257 2100 θνάσι
284 2034 367 2100 κατὰ
396 2033 435 2099 τὸ
464 2033 524 2100 σδν
552 2033 715 2120 ψήφισμα
744 2033 803 2100 δάο
829 2041 894 2099 τῶν
918 2036 1083 2116 πολιτῶν,
1114 2035 1226 2122 πατήρ

152 2138 205 2201 καί
229 2135 309 2216 οίός,
334 2136 585 2219 παραδοθέντες
606 2143 654 2222 τῷ
676 2134 733 2202 έπί
757 2143 805 2223 τηλ
827 2133 1004 2220 ὀρύγματι·
1034 2135 1137 2224 έδέθη
1160 2145 1226 2204 τῶν
1236 2144 1278 2207 63

153 2232 218 2326 ἀφ’
245 2235 425 2322 Ἁρμοδίου
456 2239 635 2324 γεγονότων
665 2233 712 2316 είς
741 2239 823 2306 κατά
852 2238 891 2304 τὸ
920 2239 979 2306 σὸν
1009 2238 1225 2324 πρόσταγμα·

151 2341 377 2427 ἐστρέβλωσαν
393 2339 603 2426 Ἀντιφῶντα
620 2343 674 2408 καί
692 2334 886 2409 ἀπέκτειναν
906 2335 1000 2409 οῦτοι
1015 2349 1056 2431 τῇ
1073 2351 1130 2428 τῆς
1147 2349 1227 2428 βου-

151 2445 210 2532 λῆς
241 2441 415 2530 ἀποφάσει
440 2443 653 2522 πεισθέντες·
689 2443 837 2529 ἐξέβαλες
863 2442 903 2510 σὺ
922 2438 1074 2527 Ἀρχῖνον
1105 2444 1139 2510 ἐκ
1166 2450 1226 2532 τῆς

151 2545 281 2626 πόλεως
310 2543 368 2612 έπί
398 2546 565 2632 προδοσία
596 2543 680 2613 κατά
709 2543 768 2624 τάς
798 2552 856 2634 τῆς
884 2548 1007 2634 βουλῆς
1035 2541 1227 2633 ἀποφάσεις

151 2646 206 2714 καί
227 2652 399 2733 τιμωρίας.
436 2646 520 2714 κατά
536 2647 573 2714 δέ
588 2655 712 2712 σαυτοῦ
734 2646 788 2712 καί
805 2654 909 2712 ταῦτα
923 2646 1056 2732 γράψας
1071 2643 1171 2728 αῦτδς
1185 2647 1225 2714 τό

151 2749 313 2836 ψήφισμα
335 2747 488 2836 ἀκοροῖς;
521 2751 573 2816 καί
597 2757 666 2815 ποῦ
687 2756 792 2816 ταῦτα
815 2751 925 2816 δίκαια
947 2743 968 2840 ή
990 2748 1114 2835 νόμιμά
1136 2750 1226 2835 έστις

237 2851 460 2937 Μαρτόρομαι
482 2851 543 2931 τὰς
564 2851 686 2936 σεμνάς
705 2853 798 2932 θεάς,
824 2848 939 2937 ἀνδρες
958 2848 1148 2941 Ἀθηναῖοι,
1170 2856 1225 2921 καί
1236 2858 1278 2920 64

151 2954 208 3022 τὸν
224 2954 329 3021 τόπον
346 2951 383 3020 ὃν
400 2952 520 3022 ίκεῖναι
534 2960 715 3038 κατέχουσι,
740 2955 794 3024 καί
815 2956 893 3034 τοῦς
908 2952 1020 3044 ήρωας
1035 2957 1111 3034 τοῦς
1127 2957 1226 3041 ἐγχω-

152 3055 260 3143 ρίους,
287 3056 343 3125 καί
370 3055 428 3144 τὴν
447 3056 597 3144 Ἀθηνᾶν
619 3058 679 3147 τήν
702 3057 897 3139 Πολιάδα,
933 3061 985 3126 καί
1009 3056 1085 3136 τοῦς
1108 3056 1227 3139 ἀλλους

152 3158 254 3238 θεοὺς
282 3163 315 3225 οἳ
343 3159 401 3250 τήν
428 3158 537 3244 χώραν
561 3163 617 3227 καί
638 3159 700 3248 τήν
722 3158 821 3226 πόλιν
845 3156 936 3249 ἡμῶν
961 3158 1143 3248 εἰλήχασιν,
1175 3157 1228 3230 δτι

151 3263 210 3327 τοῦ
240 3259 344 3349 δήμου
375 3261 649 3345 παραδεδωκότος
678 3257 756 3347 ῦμῖν
778 3260 1039 3350 τιμωρήσασθαι
1061 3263 1117 3329 τὸν
1142 3262 1226 3348 είλη-

219 3429 262 3492 61,
280 3433 297 3484 2
318 3433 474 3501 προτέρωνε
499 3448 562 3486 corr.
581 3431 697 3498 Scaliger
712 3461 749 3472 —
765 3428 977 3501 ἆπαφαθένταν
993 3434 1017 3486 Α
1034 3448 1081 3500 φα,
1099 3448 1163 3486 corr.
1181 3433 1225 3485 ΑΙ.

151 3529 186 3539 -
208 3502 223 3552 3
246 3495 358 3552 δικαίαν
378 3498 517 3554 Μεείσοεε.
539 3529 572 3540 -
594 3504 612 3554 4
635 3501 737 3567 ζημίαν
759 3500 782 3552 Δ
806 3516 857 3567 pn,
880 3495 994 3566 ζήτησιν
1010 3502 1046 3554 4¹
1067 3530 1100 3539 —
1122 3497 1158 3552 τὰ
1175 3499 1226 3552 δελ.

151 3567 264 3634 nome,
289 3567 335 3620 ιεδ
359 3566 555 3633 cs.1s0cr.vn‚
574 3570 615 3633 36,
633 3571 674 3622 44.
697 3597 732 3608 -
755 3572 769 3620 7
792 3568 894 3620 σαυτοῦ
911 3568 954 3622 At.
973 3597 1003 3608 -
1024 3572 1040 3622 8
1056 3565 1108 3634 τὴν
1126 3569 1226 3635 ζημίαν

151 3635 249 3691 Wurm.
268 3663 301 3676 -
319 3639 335 3690 9
353 3627 384 3687 σ’
402 3635 444 3688 hic
462 3636 518 3688 εδδ.
537 3637 619 3701 Βλιει,
662 3642 704 3689 ost
720 3633 771 3688 ἐὰν
787 3635 925 3700 Namnet,
950 3653 1000 3691 om.
1018 3645 1036 3690 t.
1054 3665 1089 3676 -
1107 3638 1139 3688 10
1157 3632 1226 3702 εἰλη-

152 3699 218 3774 φότι
234 3703 295 3756 τῶν
311 3703 334 3756 N
352 3720 403 3771 φα,
428 3719 492 3756 corr.
510 3703 554 3758 N².
572 3733 604 3745 -
622 3653 668 3770 (RN,
687 3709 704 3760 4
726 3701 878 3774 πατρῴοισι
904 3720 969 3757 corr.
988 3704 1065 3756 Wolf.
1083 3732 1118 3742 -
1136 3707 1151 3756 5
1169 3705 1226 3755 ἐνε-

151 3777 277 3842 χείρησαι
293 3771 340 3824 ΝΔ
351 3788 398 3840 οι,
416 3773 442 3824 in
455 3771 478 3823 A
489 3788 575 3826 ιεεοεε
588 3788 652 3825 corr.
669 3801 704 3812 --
723 3777 737 3826 7
756 3769 806 3824 σὸν
823 3788 898 3841 supra
911 3788 1014 3826 versum
1033 3771 1076 3826 N¹.
1094 3800 1127 3810 -
1144 3771 1183 3828 68
1210 3777 1226 3826 ό

151 3837 200 3906 τάε
222 3855 253 3894 su
271 3855 298 3892 ιε
322 3855 424 3894 versum
447 3839 491 3892 N¹.
516 3869 547 3879 —
573 3841 666 3893 ’λλστι
683 3840 744 3906 ΑΝ,
768 3841 860 3904 λστινς
883 3847 900 3893 t.
924 3869 957 3880 -
980 3838 1026 3905 64,
1045 3843 1060 3894 3
1083 3811 1225 3894 πολιτίδαε

152 3922 216 3981 ορει.
267 3908 312 3961 ολί.
336 3935 370 3946 -
393 3913 411 3963 4
431 3904 484 3973 τήν
505 3903 588 3961 πόλιν
611 3911 657 3960 καὶ
680 3906 734 3976 τὴν
755 3906 849 3978 χώραν
872 3907 895 3960 N
920 3935 954 3948 -
976 3902 1022 3961 ὅτι
1044 3908 1094 3962 del.
1113 3909 1226 3977 Sauppe.

151 4003 186 4015 -
204 3979 219 4029 5
236 3973 411 4048 τιμωρήσατε
428 3977 485 4044 (sic)
502 3976 546 4044 N2,
563 3974 762 4046 τιμωρήσασθε
780 3978 891 4045 Sauppe.

987 4021 1070 4114 2*¹
