2882 4554
523 238 607 292 RATA
625 237 876 297 ΔΗΜΟΣθΕΝΟΥΣ.
1198 240 1239 300 25

164 414 301 501 βουλος,
330 407 387 478 καὶ
415 404 474 474 δύο
503 406 625 486 ταύτας
652 406 757 492 μόνας
779 408 819 476 ἐν
841 417 895 496 τηί
917 415 994 496 βίηι
1016 415 1241 499 Δημοσθένης

164 521 350 601 πεποίηται
373 505 579 596 δπυδημίας,
602 509 686 593 μετὰ
707 509 768 598 τὴν
790 506 896 598 μάχην
920 507 975 578 ὅτε
998 503 1239 596 ἀπεδίδρασκεν

164 617 200 686 ἐκ
221 623 280 706 τῆς
303 613 444 694 πόλεως,
467 614 522 679 καί
545 614 601 678 νῦν
625 611 672 691 εἰς
687 609 882 696 Ὀλυμπίαν,
906 611 981 680 ἐπεὶ
996 613 1159 699 Νικάνορι
1182 616 1240 684 διὰ

164 722 223 808 τῆς
245 716 469 805 ἀρχιθεωρίας
491 714 634 798 ἐντυχεῖν
657 714 820 797 ἐβούλετο.
866 713 959 795 άξιόν
983 740 1020 801 με
1041 716 1148 803 τούτῳ
1171 744 1239 784 πα-

165 825 424 909 ρακαταθέσθαι
444 818 502 906 τὴν
525 816 626 884 πόλιν
655 821 709 884 καὶ
736 816 920 902 ἐπιτρέψαι
940 819 1137 886 κινδυνεύειν
1159 820 1239 903 μίλ-

162 925 296 1004 λοντας,
326 918 363 999 ὃς
392 917 448 988 ὅτε
475 919 535 1003 μάν
562 919 631 988 ἐδει
652 919 823 1003 μάχεσθαι
843 918 926 1004 μετὰ
948 928 1012 987 τῶν
1035 917 1144 988 ἄλλων
1166 932 1238 1000 τοῖς

52 1091 54 1093 ,
163 1023 348 1108 πολεμίοις,
379 1021 487 1090 λιπὼν
510 1021 569 1109 τὴν
591 1021 684 1102 τάξιν
707 1019 810 1109 ᾤχετο
833 1018 943 1089 άπιὼν
967 1024 1089 1104 σ’ίκαδε,
1120 1023 1236 1112 ἐπειδὴ

164 1129 200 1196 δδ
223 1129 388 1213 προσῆκεν
412 1125 500 1192 σ’ίκοι
520 1124 719 1191 κινδυνεύειν
741 1124 825 1208 μετὰ
846 1127 911 1192 τῶν
934 1123 1052 1206 άλλων,
1076 1134 1239 1212 πρεσβευ-

163 1229 219 1320 τὴν
256 1226 360 1307 αύτδς
396 1225 495 1294 αὑτὸν
524 1225 799 1312 προβαλόμενος
828 1225 929 1314 ᾤχετο
958 1228 993 1296 ἐκ
1020 1230 1078 1318 τῆς
1107 1229 1238 1308 πόλεως

163 1328 330 1416 διποδράς,
365 1328 481 1417 ἐπειδη
513 1329 550 1398 δέ
578 1329 775 1416 πρεσβεύειν
804 1330 871 1398 ἔδει
900 1332 978 1415 περὶ
1006 1338 1065 1420 τῆς
1095 1329 1288 1420 εἶρηνης,82

164 1433 222 1503 ούκ
244 1427 285 1502 δν
308 1433 450 1520 ἐ’φσσκεν
473 1432 508 1499 ἐκ
528 1434 586 1520 τῆς
608 1431 740 1511 πόλεως
769 1432 918 1513 ἐξελθεῖν
946 1430 1024 1502 ούδὲ
1045 1433 1102 1500 τὸν
1126 1433 1237 1520 ἕτερον

164 1537 264 1617 πόδα,
289 1535 406 1623 ἐπειδὴ
431 1535 467 1601 δέ
488 1534 566 1613 τούς
588 1534 738 1621 φυγάδας
758 1533 973 1620 Ἀλέξανδρον
993 1536 1123 1621 ἔφασαν
1138 1537 1237 1603 κατά-

163 1664 231 1725 χειν
253 1638 308 1706 καὶ
330 1637 485 1722 Νικάνωρ
509 1637 556 1716 είς
575 1632 758 1720 Ὀλυμπίαν
781 1632 871 1724 ἧκεν,
904 1632 1110 1723 άρχιθεωρὸν
1136 1636 1236 1706 αὑτὸν

162 1741 324 1810 ἐπέδωκε
345 1743 385 1830 τῇ
408 1742 523 1829 βουλῇ.
545 1743 698 1818 τοιοῦτος
721 1733 827 1820 οὗτος,
851 1740 885 1808 ἐν
907 1743 966 1825 μδν
989 1751 1064 1820 τοῖς
1086 1742 1237 1826 παρατά-

162 1846 251 1926 ξεοιν
276 1841 489 1926 οίκουρός,
521 1841 555 1909 ἐν
585 1841 622 1910 δὲ
649 1851 721 1920 τοῖς
751 1842 838 1908 σ’ίκοι
863 1847 1000 1925 μένουσι
1023 1840 1235 1933 πρεσβευτής,

162 1947 198 2017 ἐν
222 1946 259 2015 δὲ
279 1951 353 2024 τοῖς
374 1948 595 2031 πρεσβευταῖς
618 1946 826 2032 δραπέτης
848 1944 947 2012 ἐστίν.

247 2053 339 2132 Λίχε
361 2047 401 2137 δὴ
428 2048 483 2114 καὶ
508 2045 558 2115 τὰ
580 2045 657 2131 περὶ
681 2045 845 2136 ζητήσεως
867 2050 943 2129 [τῶν
963 2047 1148 2133 χρημάτων]
1172 2060 1236 2134 ψη-

162 2149 356 2238 φίσματα,
386 2146 408 2216 ά
437 2149 565 2235 ἐχραψε
585 2155 806 2237 Δημοσθένης
835 2157 877 2238 τῇ
907 2150 944 2230 ἐξ
969 2147 1103 2235 Ἀρείου
1126 2149 1235 2234 πάχυυ

162 2252 266 2339 βουλῇ
288 2254 366 2335 περί
389 2247 491 2317 αύτυύ
516 2277 553 2318 τε
581 2250 636 2318 καὶ
663 2247 772 2335 δμιύν,
802 2251 858 2318 ἵνα
887 2249 972 2338 παρ’
998 2251 1123 2339 άλληλα
1145 2257 1236 2319 θεω-

163 2352 321 2441 ρήσαντες
343 2352 450 2442 εἰδῆτε
472 2351 532 2440 τὴν
553 2357 795 2439 Δημοσθένους
817 2348 992 2420 άπύνοιαν.

604 2508 800 2564 mmm.

243 2691 412 2778 Ἔχραψας
435 2693 474 2760 οδ
497 2699 596 2761 τοῦτο
618 2693 854 2782 Δημόσθενες,·
881 2693 1045 2779 ἐχραψας·
1067 2687 1125 2760 ούκ
1148 2694 1236 2761 ἐστιν
1247 2701 1288 2766 83

163 2788 344 2863 άντειπεῖν.
381 2795 505 2881 ἐγίνετο
528 2791 548 2884 ἦ
571 2796 675 2884 βουλὴ
692 2801 787 2879 κυρία
803 2798 863 2862 σού
878 2795 1129 2882 προστάξαντος
1136 2825 1148 2879 ,·
1170 2796 1238 2882 ἐχέ-

161 2921 245 2966 νετο.
287 2902 431 2965 τεθνᾶσι
452 2900 519 2964 τῶν
541 2900 689 2966 πολιτῶν
712 2897 847 2983 άνδρες;
869 2905 1020 2966 τεθνᾶσι.
1064 2897 1175 2981 κύριον
1198 2885 1238 2988 ἦν

162 2997 200 3066 τδ
223 2999 282 3066 σὸν
306 2996 468 3088 ψήφισμα
490 2995 563 3066 κατ’
589 3001 740 3084 ἐκείνωνς
763 2997 924 3069 άδύνατον
948 2996 1125 3068 ἀντειπεῖν.

230 3239 273 3305 81,
292 3241 307 3292 2
326 3239 357 3291 ἐν
373 3237 414 3303 τῷ
433 3243 461 3304 β.
479 3238 558 3291 deleri
576 3241 634 3292 vult
650 3237 782 3292 Νυείτυυτ
802 3242 829 3292 εί
846 3243 905 3306 post
919 3239 970 3306 legi
987 3235 1086 3306 μάχην,
1103 3234 1158 3306 ὅτι,
1177 3240 1236 3294 fort.

162 3305 278 3373 ίκυυσίη,
297 3305 371 3358 ΒΙεεε
389 3305 448 3358 addi
465 3307 537 3360 iubet
554 3303 633 3360 ίκάν.
652 3336 687 3346 -
704 3311 722 3361 4
739 3326 828 3360 ...ετ.
845 3309 867 3358 Α
886 3323 931 3373 με,
951 3308 1011 3362 ἐπεὶ
1030 3309 1071 3375 A¹‚
1089 3311 1135 3363 ίπὶ
1153 3309 1185 3362 Ν.
1202 3337 1237 3347 -

161 3378 177 3428 6
197 3376 357 3445 ἐπιτρίψειν
374 3375 406 3428 Ν.
427 3403 462 3413 -
485 3377 579 3429 saum
596 3371 627 3427 δὲ
643 3375 675 3428 Ν.
692 3404 727 3414 -
746 3378 777 3429 10
796 3370 1015 3444 προβαλλόμενον
1032 3376 1078 3429 ΝΑ
1097 3394 1148 3445 pr„
1170 3377 1196 3429 in
1213 3378 1237 3429 A

159 3459 248 3496 rasura
267 3459 332 3496 corr.
350 3472 381 3482 -
400 3442 447 3506 82,
465 3446 477 3496 1
497 3443 606 3512 ιίρη...
625 3443 708 3511 Νρτ,
726 3443 846 3497 corr.N¹.
864 3474 897 3483 —
917 3447 932 3497 3
950 3448 1011 3498 ίπιί
1028 3441 1059 3497 δὲ
1076 3444 1099 3497 Ν
1117 3474 1150 3484 -
1168 3463 1237 3530 qv.-

159 3507 246 3582 χάδαε
262 3513 285 3564 Α
304 3527 355 3578 pr„
381 3525 468 3564 εοευτε
487 3528 550 3565 corr.
568 3541 602 3550 -
620 3530 800 3565 κατο....ιν
816 3513 838 3565 Α
856 3528 907 3580 ηε,
931 3529 995 3566 τοτε.
1012 3515 1056 3566 Δί.
1073 3542 1106 3552 -
1125 3515 1142 3565 4
1164 3531 1237 3581 αρχι-

161 3578 282 3649 θεωρῶν
298 3581 322 3632 Ν
339 3595 388 3647 pr„
411 3594 474 3631 corr.
493 3580 529 3632 N¹
546 3609 580 3620 -
598 3575 683 3632 αὐτὸν
701 3583 723 3632 Α
742 3595 781 3646 pr.
797 3580 819 3632 Ν
838 3596 884 3648 pr„
907 3597 970 3633 corr.
988 3582 1068 3634 A²N².
1087 3610 1118 3619 -
1139 3576 1238 3635 δάπε-

161 3643 246 3700 δωκιτ
265 3663 328 3701 τοτε.
341 3647 465 3714 Scaliger.
484 3677 517 3686 —
535 3651 551 3701 6
564 3651 617 3701 etz
636 3664 716 3701 voces
734 3646 855 3717 οἰκουρὸτ
866 3656 892 3701 ει
903 3645 1039 3722 δραπέτητ
1051 3664 1109 3701 cum
1122 3647 1236 3717 Sauppio

161 3715 351 3782 transponenda
370 3716 488 3768 videntur
505 3746 537 3754 -
556 3718 686 3783 μένουσιν
703 3716 734 3770 Α.
758 3745 791 3756 -
813 3719 828 3770 8
849 3720 912 3788 περὶ
930 3717 977 3784 τῆτ
995 3718 1017 3780 ζ.
1037 3716 1059 3769 Ν
1078 3745 1109 3754 -
1127 3715 1160 3770 τὸ

160 3780 291 3854 ψήφισμα
310 3784 380 3838 ΑΝίε
405 3799 468 3838 corr.
489 3783 562 3837 Blass
584 3813 617 3822 -
640 3788 704 3853 περὶ
797 3780 945 3854 χρημάτων
963 3786 1013 3837 del.
1031 3783 1154 3852 Troebst,
1176 3786 1238 3838 τῶν

160 3871 202 3920 χρ.
219 3853 322 3918 seclusi,
341 3854 373 3905 σί.
391 3853 409 3904 G
427 3855 510 3919 p.1l;
529 3853 647 3904 lacunam
665 3858 726 3919 post
743 3850 801 3924 Mys
819 3850 853 3918 δὴ
870 3861 930 3908 sut.
948 3851 1090 3918 Νυεῐτοετ,
1114 3859 1173 3921 post
1191 3850 1238 3905 αύ-

159 3920 209 4039 Ξού
225 3924 319 3973 τεκαὶ
336 3914 416 4022 ύμῶζ
438 3919 468 3973 Η.
486 3920 562 3973 weil.
586 3948 620 3959 —
643 3915 780 3975 θδΑΝίτ
808 3937 872 3976 corr.
889 3920 1027 3974 Maetzner.
1049 3949 1084 3960 -
1108 3926 1139 3976 10
1156 3915 1237 3989 ἡμῶν

200 4004 237 4056 pr.
256 3993 275 4056 t,
292 4005 357 4045 corr.
376 3991 418 4043 Α.
