2882 4554
496 214 579 267 ΚΑΤΑ
599 214 885 280 ΑΡΙΣΤΟΓΕΙΤΟΝΟΣ.
1187 218 1228 276 39

156 383 210 448 καὶ
233 379 434 466 ἐξελεγχθεὶς
455 377 598 468 ὀφείλων
619 391 666 470 τῷ
683 384 830 471 δημοσίῳ
848 387 951 469 λέγειν
967 379 1027 452 οὐκ
1043 386 1114 466 ἐξόν
1130 385 1228 474 αὐτῷ,
1264 405 1266 416 ·

157 486 211 549 καὶ
234 485 442 566 παραδοθεὶς
463 495 535 563 τοῖς
557 485 669 552 ἕνδεκα
686 485 768 552 κατά
783 486 860 564 τούς
875 487 1005 571 νόμους,
1030 493 1226 572 περιπατῶν

157 585 350 669 ἐμπροσθεν
379 590 443 653 τῶν
474 588 690 674 δικαστηρίων
718 587 773 654 καὶ
802 589 848 667 εἷς
876 587 934 678 τήν
957 592 1137 674 προεδρίαν
1159 595 1225 658 τῶν

158 688 348 774 πρυτάνεων
371 689 539 772 ἐκάθιζεν,

242 785 327 872 Εἶτ’,
352 781 378 856 οὐ
402 789 516 875 ἄνδρες
535 791 724 877 Ἀθηναῖοι,
749 789 786 859 όν
809 792 841 859 οἱ
863 792 960 876 νόμοι
981 793 1041 870 μέν
1063 794 1275 873 πολλάκις14

156 891 233 975 ύμῖν
266 894 522 978 παραδεδώκασι
550 895 809 981 τιμωρήσασθαι
836 902 1125 982 κατεψηφισμένον
1154 894 1221 963 ύπδ

153 997 221 1060 τῶν
244 997 400 1088 πολιτῶν,
426 996 699 1078 ἐνδειχθέντα
723 995 869 1080 φυλάξαι
892 996 923 1062 δ’
949 995 1030 1062 οὐθ’
1055 999 1087 1064 οἱ
1110 998 1222 1065 ἕνδεκα

157 1096 347 1183 δεδύνηνται
369 1096 444 1164 οὐτε
465 1097 503 1163 τό
528 1096 761 1182 δεσμωτήριον,
785 1098 891 1184 τούτῳ
914 1097 1122 1184 βουλήσεσθε
1142 1125 1223 1184 συμ-

152 1195 263 1286 βούληι
284 1201 449 1285 χρήσθαι;
474 1193 537 1266 Ικαὶ
566 1196 583 1264 ό
613 1199 672 1280 μέν
702 1197 801 1281 νόμος
825 1195 1000 1280 εὐξάμενον
1023 1200 1145 1268 κελεύει
1166 1201 1223 1268 τόν

154 1300 277 1384 κήρυκα
298 1300 374 1382 μετ’
393 1297 555 1388 εὐφημίας
576 1302 711 1384 πολλῆς,
734 1297 841 1379 οὐτως
856 1295 933 1383 ύμῖν
948 1303 987 1368 τδ
1002 1303 1225 1386 βουλεύεσθαι

154 1405 318 1486 περὶτῶν
342 1403 544 1488 πραγμάτων
566 1404 808 1487 παραδιδόναι·
835 1399 928 1486 ὐμεῑς
953 1405 988 1474 δὲ
1009 1405 1066 1471 τόν
1089 1405 1224 1473 άνόσιον

154 1508 209 1573 καὶ
238 1507 313 1589 περὶ
343 1503 471 1584 πάντας
494 1505 638 1590 πονηρόν
666 1509 721 1572 καί
750 1506 896 1589 μάλιστα
925 1506 1005 1591 περὶ
1026 1507 1083 1575 τόν
1106 1509 1223 1577 ἑαυτοῦ

153 1614 283 1692 πατέρα
316 1614 542 1694 γεγενημένον,
577 1616 695 1674 τοῦτον
728 1607 813 1692 μεθ’
843 1606 935 1693 ὐμῶν
966 1608 1020 1676 καὶ
1047 1611 1131 1692 μετά
1157 1619 1222 1677 τῶν

153 1709 315 1794 ύμετέρων
338 1711 466 1778 οἰκείων
488 1714 541 1778 καί
566 1719 725 1794 συγγενῶν
749 1709 861 1778 ἐάσετε
883 1710 1143 1796 πολιτεύεσθαι,·
1169 1717 1274 1786 κα115

151 1813 292 1900 Δημάδη
322 1816 381 1896 μὲν
409 1815 463 1879 καί
493 1818 705 1899 Δημοσθένει
733 1807 889 1894 οὐδεμίαν
920 1811 1029 1900 ᾤεσθε
1055 1816 1123 1881 δεῖν
1146 1839 1225 1901 συγ-

151 1916 282 2001 γνώμην
306 1916 398 1996 ἐχειν,
426 1911 478 1980 ότι
501 1915 590 1996 δοῦρα
613 1909 694 1979 καθ’
720 1911 810 1996 ὐμῶν
834 1914 1074 2001 ἐξηλέγχθησαν
1097 1916 1224 2001 λαμβά-

152 2041 271 2095 νοντες,
295 2011 370 2083 ἀλλ’
390 2016 656 2104 ἐτιμωρήσασθε,
679 2019 733 2083 καὶ
749 2018 894 2097 δικαίως,
918 2012 969 2095 οἷς
991 2018 1087 2106 εἰμὴ
1112 2019 1223 2087 πάντα

151 2118 238 2186 άλλά
265 2118 375 2186 πολλά
403 2145 439 2203 γε
467 2115 624 2186 σύνιστε
649 2119 795 2207 χρήσιμα
822 2120 1134 2201 πεπολιτευμένοις·
1165 2119 1222 2189 τόν

151 2223 188 2288 δέ
220 2221 403 2306 κατάρατον
432 2229 551 2288 τοῦτον
558 2271 567 2302 ,
604 2218 640 2300 ὃς
673 2220 802 2306 ἀγαθὸν
831 2224 890 2305 μὲν
925 2218 1008 2305 ύμᾶς
1041 2230 1221 2310 πεποίηκεν

150 2321 229 2390 οὐδὲ
251 2323 392 2390 πώποτε
415 2323 450 2402 ἐξ
470 2317 509 2389 οὐ
533 2323 618 2407 πρὸς
636 2324 695 2411 τὴν
716 2323 721 2410 Ι
740 2324 839 2390 πόλιν
854 2324 1098 2414 προσελήλυθε,
1122 2325 1220 2393 κακόν
1231 2342 1273 2393 101

150 2425 185 2492 δ’
212 2422 230 2492 ό
251 2452 285 2492 τι
308 2425 446 2503 δυνατός
469 2425 576 2505 ἐστιν,
607 2424 772 2514 άφήσετε;
800 2426 856 2492 καὶ
877 2425 928 2504 τίς
950 2421 1008 2492 οὐκ
1031 2421 1070 2493 άν
1093 2427 1222 2511 ἐγκαλέ-

151 2552 238 2596 σειεν
266 2525 343 2610 ύμῖν
370 2541 442 2606 τοῖς
464 2534 581 2593 τοῦτον
604 2528 878 2611 προςδεχομένοις
901 2528 1087 2612 σύμβουλον
1095 2558 1107 2611 ‚-
1142 2526 1220 2596 όταν

45 2695 55 2704 r
149 2630 211 2715 γάρ
242 2628 424 2714 ἅνθρωπος
453 2630 629 2715 γνώριμον
664 2633 719 2698 καὶ
749 2629 907 2715 φανερὰν
938 2635 992 2697 καί
1021 2629 1220 2718 περιβόητον

149 2733 208 2818 τήν
231 2740 392 2819 πονηρίαν
414 2733 507 2816 παρὰ
529 2737 709 2811 πάσι,τοῖς
732 2734 887 2811 πολίταις
910 2734 990 2814 ἐχων
1013 2731 1047 2800 ἐν
1069 2731 1146 2816 ύμῖν
1162 2735 1220 2818 δη-

148 2838 284 2923 μηγορῇ,
308 2834 384 2902 τότε
404 2834 481 2914 τούς
504 2831 682 2912 άκούοντας
704 2831 789 2917 ὐμᾶς
812 2835 844 2902 οἱ
864 2833 1115 2923 περιεστηκότες
1129 2843 1220 2902 θαυ-

148 2938 310 3022 μάσουσι,
345 2937 487 3020 πότερον
515 2940 665 3022 βελτίους
695 2935 754 3005 οὐκ
783 2938 871 3021 ἐχετε
893 2936 1099 3022 συμβούλους
1119 2935 1140 3027 ἢ
1164 2938 1218 3004 καλ

146 3048 276 3126 χαίρετε
303 3043 369 3106 τῶν
397 3039 556 3107 τοιούτων
586 3039 768 3119 ἀκούοντες.
812 3040 870 3128 χρὴ
895 3041 945 3121 δέ,
976 3024 1001 3105 οὐ
1026 3037 1215 3126 Ἀθηναῖοι,
1229 3044 1267 3106 16

216 3210 260 3276 13,
277 3215 294 3264 4
311 3215 371 3277 post
388 3206 574 3280 δικαστηρίων
588 3210 694 3264 Reiskio
712 3210 802 3263 δεεεεο
819 3210 920 3262 videtur
939 3206 962 3262 03
986 3209 1025 3275 θη
1043 3210 1085 3262 vel
1102 3209 1215 3281 ἑωρᾶτο,

147 3279 219 3347 quod
237 3296 287 3331 non
306 3295 379 3346 opus,
397 3280 418 3331 si
437 3295 517 3346 prope
536 3280 618 3331 sorum
636 3280 728 3333 iudicia
747 3282 871 3332 erant.-
888 3296 955 3359 προε
974 3283 1050 3346 ρείαν
1068 3278 1113 3331 ΝΑ
1125 3295 1171 3347 pr„
1189 3282 1216 3332 in

144 3351 169 3400 A
187 3363 273 3400 rasura
293 3363 356 3400 corr.
379 3377 412 3384 —
433 3345 484 3410 τὴν
503 3365 582 3416 πρυτ.
601 3348 635 3410 Ν,
658 3344 709 3412 τὴν
726 3347 784 3398 τῶν
802 3363 881 3415 πρντ.
900 3361 930 3399 σι.
947 3346 1032 3412 Βίεεε,
1055 3347 1088 3399 εί.
1107 3348 1124 3398 G
1147 3364 1171 3414 p.
1191 3350 1215 3400 8.

143 3445 180 3456 -
198 3421 213 3470 5
232 3413 388 3486 ἐγκαθίζων
406 3415 436 3466 εἰ.
455 3415 556 3469 Reiske.
574 3415 668 3480 -14,
686 3417 701 3466 3
719 3410 908 3478 διδαχθέντεετ
927 3430 990 3468 corr.
1008 3415 1074 3480 Ald„
1097 3423 1157 3481 post
1171 3416 1214 3465 έν·

144 3480 295 3548 δειχθέντα
314 3482 416 3535 distinx.
434 3488 457 3544 t,
481 3486 719 3552 κατεψηφισμένον
741 3478 806 3551 <δ’>
829 3476 883 3535 ὐπὸ
905 3482 965 3534 τῶν
987 3477 1111 3535 πολεταῖν
1128 3477 1214 3546 ἀπαχ-

145 3551 236 3604 θέντα
291 3547 370 3612 λάξαι
387 3545 454 3602 οὐθ’
474 3552 505 3602 ci.
524 3551 639 3619 Sauppe,
656 3551 735 3620 (καί)
751 3549 898 3616 εἱρχθέντα
915 3551 1056 3617 Ειαρειίιιε,
1074 3548 1153 3668 (fid)
1171 3546 1213 3601 δτ-

145 3620 236 3672 θέντα
275 3621 327 3671 lass
348 3649 383 3659 -
406 3616 434 3670 οἱ
455 3620 548 3672 έν....
568 3620 590 3671 Ν
610 3636 659 3686 pr.¹
684 3634 748 3672 corr.
767 3617 809 3670 N¹.
833 3649 866 3656 —
889 3622 904 3671 5
927 3614 1069 3686 εὐξάμενον
1110 3655 1116 3669 .
1140 3646 1173 3656 -
1197 3621 1212 3671 6

141 3684 269 3756 βουλεσθ
291 3688 382 3753 Αρι.,
406 3702 469 3738 corr.
493 3686 534 3738 11.
557 3715 591 3726 -
613 3687 656 3752 15,
681 3690 696 3739 3
719 3683 918 3756 έξελέγχθησαν
945 3689 974 3739 Ν.
998 3716 1031 3724 -
1055 3689 1070 3738 5
1095 3685 1213 3756 συνῇστε

143 3757 262 3820 flirschig
280 3785 313 3795 —
330 3753 546 3820 πολιτευομένοις
556 3755 598 3807 At.
616 3785 649 3794 —
668 3758 683 3808 6
702 3751 833 3806 οὐδέποτε
849 3760 997 3819 πεποίηκεν
1009 3754 1040 3816 Ν,
1056 3749 1136 3805 οὐδέν
1153 3749 1212 3806 πού-

144 3841 212 3876 ποτε
230 3824 326 3878 Wurm.
349 3853 383 3862 -
406 3828 420 3876 7
440 3819 580 3876 πολιτείαν
598 3822 654 3874 λίδ.
672 3828 690 3874 t
709 3853 742 3860 —
761 3826 776 3876 9
795 3819 948 3888 δεχομένοις
965 3822 1006 3874 At.
1029 3851 1062 3860 -
1087 3826 1117 3876 10
1139 3816 1212 3892 γναύ-

162 3907 219 3956 ιμοε
240 3896 285 3944 καὶ
309 3890 424 3963 φανερός
442 3891 511 3942 ANt:
536 3906 598 3942 corr.
617 3891 718 3943 Reiske.
743 3919 776 3929 —
803 3896 833 3945 11
853 3893 883 3942 έν
902 3883 966 3954 ύμῖν
989 3905 1038 3944 om.
1058 3890 1099 3942 At.
1121 3919 1156 3929 -
1180 3893 1212 3944 12

143 3910 316 4027 δαυμάζουσι
330 3960 374 4013 Μί.
394 3989 427 3998 ·-
447 3961 478 4013 13
497 3953 601 4028 πότερα
612 3959 643 4012 Ν.
661 3989 694 3998 -
714 3961 746 4013 14
763 3955 813 4011 τόν
829 3958 957 4010 τοιοῦτον
974 3957 1005 4011 Ν.
