2882 4554
197 208 238 267 42
646 209 828 266 ΔΕΙΝΔΡΧΟΥ

197 382 276 462 μόνη
305 371 388 461 παρ’
419 373 495 460 όμῖν
525 378 617 444 δοοῖν
646 377 791 459 θάτερον
824 378 859 445 ἐκ
893 381 951 446 τοῦ
989 381 1111 446 λοιποῦ
1146 378 1264 460 χρόνου

145 493 188 547 108
198 479 333 565 ποιήσει
355 479 432 558 τοὺς
454 478 588 559 ἀλλους,
617 473 638 568 ή
659 480 810 566 χρήματα
834 478 1012 564 λαμβάνειν
1035 479 1118 549 καθ’
1146 483 1151 564 Ι
1177 476 1266 562 όμῶν

196 584 405 666 θαρροῦντας
427 579 473 660 ὦς
496 581 533 647 οό
558 580 725 659 δώσοντας
749 583 848 669 δίκην,
873 576 893 670 ἢ
916 590 1102 669 φοβεῖσθαι
1125 583 1163 650 τὸ
1187 584 1266 666 λαμ-

195 683 307 767 βάνειν
336 678 381 762 ὦς
409 686 469 771 τῆς
495 683 655 768 τιμωρίας
677 694 748 762 τοῖς
771 686 952 771 ληφθεῖσιν
976 684 1069 764 ἀξίας
1091 691 1268 769 γενησομέ-

143 789 252 874 23νης
281 788 346 851 τῶν
375 780 592 868 ἀδικημάτων.
643 784 700 852 οάκ
728 786 806 852 ἴσθ’
832 782 884 852 ότι
911 789 964 854 καὶ
994 791 1050 854 νῦν
1076 783 1094 852 ό
1118 781 1265 874 φόβοςδ

194 883 279 973 παρ’
305 886 395 971 ὑμῶν
418 885 494 964 τοός
517 883 688 972 ὁρμῶντας
711 888 768 955 ἐπὶ
789 888 831 954 τὰ
846 883 929 954 καθ’
947 886 1039 976 ήμῶν
1055 886 1175 972 ήκοντα
1189 888 1266 978 χρή-

192 1016 281 1074 ματα
305 988 384 1078 [νῦν]
412 985 554 1073 ἀνείργει
583 993 637 1056 καὶ
666 1001 760 1058 ποιεῖ
782 990 942 1070 πολλάκις
965 987 1033 1058 ἀπὸ
1055 994 1114 1058 τοῦ
1137 990 1266 1081 λήμμα-

193 1115 250 1170 τος
273 1090 507 1177 ἀποστρέφειν,
537 1094 591 1157 καὶ
613 1091 651 1158 τό
676 1091 839 1180 ψήφισμα
861 1095 920 1159 τοῦ
944 1091 1064 1182 δήμου,
1095 1089 1133 1157 τὸ
1157 1094 1264 1178 ζητεῖν

192 1193 252 1281 τήν
281 1193 404 1280 βουλήν
433 1193 512 1280 περὶ
540 1191 665 1259 τοότων
693 1197 759 1260 τῶν
794 1195 967 1282 χρημάτων
1001 1194 1263 1277 προστάττον,

193 1290 269 1362 οὐδὲ
297 1295 375 1373 τοδς
404 1294 616 1377 κεκομικότας
644 1295 683 1360 τὸ
705 1296 839 1378 χρυσίον
863 1297 909 1374 εἷς
931 1296 989 1386 τήν
1010 1296 1118 1382 χώραν
1143 1292 1264 1379 ὁμολο-

139 1401 260 1480 24γεῖν
283 1402 464 1481 πεποίηκας
497 1398 603 1475 καλῶς
625 1398 696 1480 γάρ,
720 1386 960 1484 ὦἍθηναῖοι,
990 1399 1096 1476 καλῶς
1124 1397 1157 1462 οἱ
1179 1393 1264 1480 πρό-

191 1522 283 1582 γονοι
316 1498 395 1583 περὶ
426 1496 552 1564 τοότων
585 1497 816 1586 ψηφισάμενοι
851 1499 970 1586 στήλην
1004 1500 1050 1578 εἷς
1079 1496 1262 1583 ἀκρόπολιν

191 1595 378 1686 ἀνήνεγκαν,
403 1596 458 1666 ότε
481 1602 585 1686 φασὶν
600 1597 789 1684 ’Ἀρθμιον
811 1600 869 1666 τόν
881 1601 1109 1679 Πυθώνακτος
1131 1601 1188 1666 τὸν
1201 1609 1264 1668 Ζε-

168 1699 300 1788 Ιλελτην
322 1707 458 1785 κομίσαι
479 1701 517 1766 τό
539 1709 674 1784 χρυσίον
704 1701 738 1770 ἐκ
761 1701 890 1790 Μήδων
920 1703 976 1769 ἐπὶ
1000 1703 1174 1791 διαφθορᾷ
1196 1706 1262 1768 τῶν

187 1799 357 1891 Ἑλλήνων.
402 1803 481 1886 πρὶν
503 1806 565 1888 γὰρ
590 1805 702 1888 λαβεῖν
724 1830 817 1883 τινας
839 1807 893 1870 καὶ
917 1805 1032 1874 δοῦναι
1051 1808 1110 1870 τοῦ
1132 1804 1260 1887 τρόπου

190 1916 325 1991 πεῖραν,
361 1907 465 1992 φυγήν
498 1914 558 1971 τοῦ
591 1913 788 1988 κομίσαντος
816 1907 854 1972 τό
882 1905 1018 1991 χρυσίον
1048 1907 1261 1992 καταγνόντες

191 2007 352 2096 ἐξήλασαν
376 2007 476 2074 αὐτὸν
499 2009 535 2088 ἐξ
554 2005 686 2094 ἀπάσης
708 2011 767 2095 τής
782 2008 901 2091 χώρας.
937 2012 990 2075 καὶ
1007 2003 1121 2089 ταῦθ’,
1146 2005 1259 2092 ὥσπερ

191 2106 302 2191 ελπον,
333 2109 379 2189 εἷς
407 2109 464 2196 τήν
496 2108 678 2192 ἀκρόπολιν
708 2111 756 2190 εἷς
785 2111 906 2197 στήλην
933 2112 1052 2199 χαλκῆν
1074 2111 1261 2196 γράψαντες

191 2210 365 2292 ἀνέθεσαν,
389 2213 600 2297 παράδειγμα
622 2210 698 2295 ὑμῖν
721 2225 791 2291 τοῖς
814 2213 1056 2298 ἐπιγινομένοις
1078 2213 1261 2281 καθιστάν-

189 2339 257 2396 τες,
290 2316 343 2381 καὶ
374 2307 560 2396 νομίζοντες
589 2314 646 2379 τόν
676 2311 832 2382 ὁπωσοῦν
865 2315 1013 2404 χρήματα
1049 2316 1262 2400 λαμβάνοντα

190 2412 247 2498 οὐχ
276 2413 359 2502 ὗπὲρ
387 2420 445 2504 τής
474 2416 605 2495 πόλεως
629 2413 703 2484 ἀλλ’
729 2413 812 2503 όπὲρ
835 2421 902 2485 τῶν
926 2417 1084 2484 διδόντων
1106 2413 1260 2502 βουλεύε-

138 2518 284 2587 25σθαι.
328 2519 383 2586 καὶ
410 2518 501 2606 μόνῳ
529 2518 635 2604 τοότην
664 2525 904 2605 προσέγραψαν
933 2520 992 2607 τήν
1016 2520 1125 2586 αἰτίαν
1149 2515 1196 2585 δι’
1221 2517 1258 2609 ἣν

189 2615 206 2685 δ
230 2621 334 2706 δῆμος
357 2621 505 2705 ἐξέβαλεν
529 2620 629 2687 αὐτόν
652 2621 686 2688 ἔκ
709 2625 766 2709 τῆς
788 2622 927 2700 πόλεως,
954 2620 1143 2707 γράψαντες
1166 2623 1259 2706 διαρ-

188 2719 288 2808 ρήδην
311 2719 479 2806 Ἄρθμιον
508 2723 566 2787 τόν
589 2722 818 2802 Πυθώνακτος
840 2725 897 2789 τὸν
919 2725 1074 2808 Ζελείτην
1096 2723 1258 2805 πολέμιον

189 2820 273 2892 εἶναι
295 2827 353 2890 τοῦ
377 2823 482 2910 δήμου
505 2828 559 2890 καὶ
582 2828 647 2890 τῶν
669 2825 856 2908 συμμάχων,
881 2820 980 2892 αὐτὸν
1002 2831 1056 2892 καὶ
1078 2831 1179 2909 γένος,
1203 2829 1258 2891 καὶ

186 2925 317 3011 φεόγειν
343 2923 510 3013 Ἀθήνας,
542 2922 593 2992 ότι
621 2926 677 2991 τὸν
706 2927 741 2995 ἔκ
763 2927 901 3014 Μήδων·
919 2925 1041 3013 χρυσόν
1069 2925 1186 3013 ἤγαγεν
1210 2926 1258 3005 εἷς

185 3028 453 3114 Πελοπόννησον.
497 3027 605 3095 καίτοι
633 3029 662 3096 εἰ
687 3029 744 3095 τόν
768 3030 801 3096 ἐν
824 3031 1073 3117 Πελοποννήσῳ
1095 3028 1214 3114 χρυσὸν
1238 3023 1256 3093 ό

186 3130 290 3215 δήμος
318 3131 453 3198 πολλῶν
481 3138 587 3197 κακῶν
617 3131 726 3198 α’ίτιον
756 3128 866 3219 ἡγεῖτο
895 3136 966 3210 τοῖς
984 3129 1135 3219 Ἕλλησιν
1160 3128 1254 3211 ελναι,

185 3238 258 3310 πιῦς
289 3233 347 3319 χρή
383 3232 544 3321 ῥᾳθόμως
577 3234 660 3315 ἔχειν
695 3230 841 3316 ὁρῶντας
874 3235 907 3301 όν
945 3229 1047 3321 αὐτῇ
1082 3242 1123 3320 τῇ
1156 3231 1255 3303 πόλει

252 3544 269 3593 4
292 3541 338 3594 ἐπὶ
354 3539 403 3592 τοῦ
421 3539 463 3592 A’.
481 3568 515 3578 -
533 3544 547 3592 7
565 3539 748 3609 τ..ωρ1αεΑ
766 3556 804 3625 gr.
829 3540 1060 3625 (fiejtqurat),
1085 3556 1148 3594 corr.
1165 3539 1201 3590 Αι
1218 3569 1252 3578 -

183 3607 592 3728 [Ὕῖλθθιῖκθῖθέ’
607 3607 733 3742 ,ἴθ’-1
745 3607 899 3728 ἐκεῖθι
916 3610 1031 3729 (λελιῗὲἒ
1044 3612 1125 3728 ’ἕλε
1137 3607 1252 3730 θὶΑὲ

138 3799 140 3806 ,
184 3741 252 3813 πρόε
268 3739 301 3842 τ;
318 3698 413 3796 αιίδινε
433 3715 495 3828 εοτό.
512 3716 615 3797 Βδίελε.
634 3743 730 3806 -24,
748 3747 762 3796 3
781 3720 915 3813 ἀρίθμωό
931 3744 977 3796 ΑΝ
996 3715 1193 3844 -’ζιλιαηήἈ
1206 3760 1253 3811 pr..

183 3811 724 3950 τεηομ-μκγκέονγτ,
742 3817 757 3934 3
775 3816 908 3953 μοι
925 3813 1021 3931 κω
1041 3813 1148 3944 με
1159 3815 1253 3948 151,ss

182 3963 247 4000 corr.
257 3947 299 3998 λ’.
317 3977 350 3987 —
369 3951 384 4001 6
402 3947 433 3999 εἰ.
451 3946 501 4000 τὸν
518 3965 567 4001 una
587 3949 624 4002 lit.
643 3963 715 4000 erasa
732 3947 763 4001 N.
782 3978 815 3988 -
834 3952 849 4002 8
867 3946 952 4019 ταύτῃ
970 3947 1039 4000 ANt:
1062 3963 1126 4000 corr.
1144 3946 1253 4001 Dobree.
