2882 4554
494 233 579 289 ΚΑΤΑ
595 233 848 290 ΔΗΜΟΣΘΕΝΟΥΣ.
1171 233 1212 292 29

137 401 274 473 λεύοντα
296 403 352 472 καὶ
368 406 557 472 διοικοῦντα
572 410 688 472 τοῦτον
704 401 825 473 σιδσειν
841 400 946 492 ἡμᾶς,·
969 405 1016 473 δῶ
1030 402 1091 490 γάρ
1106 389 1212 472 τάλλα
1222 412 1263 475 94

139 505 204 574 ὅσα
236 505 522 593 μεταβαλλόμενος
555 505 589 574 έν
622 511 695 586 τοῖς
728 508 901 592 πράγμασι
932 509 986 574 καί
1020 508 1212 594 δημηγορῶν

140 609 238 677 οὐδέν
260 605 348 696 ύγιδς
371 611 589 690 διατετέλεκε,
619 612 674 677 καί
699 610 775 679 τοτὲ
796 611 856 694 μέν
877 611 1013 696 γράφων
1042 609 1098 677 καὶ
1123 606 1213 676 άπα-

139 713 282 799 γορεύων
313 713 438 798 μηδένα
466 710 609 794 νομίζειν
639 710 739 779 άλλον
767 713 849 780 θεὸν
878 707 899 802 ἢ
925 710 1003 792 τούς
1025 714 1213 795 παραδεδο-

140 823 271 900 μένους,
300 815 376 884 τστδ
399 817 435 881 δέ
457 814 560 901 λέγων
582 812 627 894 ὥς
650 813 688 881 ού
712 818 763 886 δεῖ
783 815 840 883 τὸν
864 818 966 903 δῆμον
991 813 1212 902 ἀμφισβητεῖν

140 923 206 986 τῶν
229 919 263 986 έν
285 914 414 1006 ούρανηλ
436 925 542 1000 τιμῶν
561 912 781 1006 Ἀλεξάνδρῳ,
812 914 891 985 ὅταν
915 919 950 984 δὲ
971 919 1072 1005 μέλλῃ
1095 917 1214 1005 κριθή-

141 1028 266 1089 σεσθαι
298 1019 384 1106 παρ’
414 1018 509 1105 ύμῖν,
541 1021 791 1102 Καλλιμέδοντα
821 1019 1037 1105 εἰσαγγέλλων
1068 1026 1214 1088 συνιέναι

142 1123 176 1191 ἐν
197 1121 371 1209 Μεγάροις
392 1133 464 1202 τοῖς
487 1123 629 1210 φυγάσιν
653 1124 709 1191 έπί
732 1123 909 1191 καταλύσει
930 1126 989 1190 τοῦ
1013 1121 1129 1210 δήμου,
1160 1125 1213 1189 καί

141 1226 260 1315 ταύτην
291 1224 349 1314 τήν
380 1224 583 1311 εἰσαγγελίαν
614 1222 716 1305 εὐθὺς
746 1233 946 1312 παραχρῆμα
968 1220 1212 1308 άναιρούμενος,

142 1331 175 1397 ἒν
199 1331 235 1396 δέ
256 1333 296 1416 τῇ
320 1329 471 1416 έκκλησίηι
492 1327 593 1417 ταύτῃ
616 1337 657 1418 τῇ
678 1328 792 1416 πρῴην
814 1333 1006 1418 γεγενημένῃ
1034 1326 1213 1415 προσάγων
1223 1333 1264 1395 95
1378 1351 1381 1358 “

141 1435 195 1500 καί
228 1431 474 1513 κατασκευάζων
510 1433 618 1521 ψευδῆ
650 1433 796 1520 μηνυτὴν
829 1429 873 1510 ιδς
906 1430 1213 1517 ἐπιβουλευομένων

142 1538 206 1602 τῶν
230 1531 384 1620 νεωρίων,
411 1537 466 1601 καί
487 1538 565 1620 περί
588 1534 712 1602 τούτων
734 1535 870 1621 γράφων
892 1536 951 1617 μέν
975 1527 1081 1614 ούδίν,
1106 1533 1214 1611 αίτίας

143 1633 177 1703 δ’
209 1637 303 1706 ἕνεκα
337 1640 397 1704 τοῦ
430 1637 596 1721 παρόντος
625 1636 752 1723 ἀγῶνος
782 1635 1054 1720 παρασκευάζων·
1088 1635 1213 1702 τούτων

142 1740 203 1827 γάρ
234 1736 392 1807 ἁπάντων
421 1735 516 1821 ύμεῖς
542 1738 649 1827 τούτῳ
677 1737 839 1824 μάρτυρές
869 1738 952 1806 έστε.
1001 1737 1079 1824 γόης
1108 1733 1212 1820 οὗτος,

143 1842 258 1928 ἄνδρες
277 1839 474 1930 Ἀθηναῖοι,
503 1844 557 1910 καί
586 1841 707 1926 μιαρὸς
736 1841 919 1926 ἅνθρωπός
942 1842 1028 1922 ἔστι,
1056 1843 1108 1909 καί
1139 1840 1216 1909 οὔτε

142 1949 189 2034 τῷ
218 1945 304 2029 γένει
333 1948 391 2032 τῆς
413 1945 544 2024 πόλεως
566 1945 707 2033 πολίτης
729 1944 805 2013 ούτε
826 1955 898 2024 τοῖς
919 1945 1215 2028 πεπολιτευμένοις

143 2047 311 2134 αὐτῷκαὶ
333 2054 589 2135 πεπραγμένοις.
628 2059 733 2116 ποῖαι
761 2047 823 2133 γὰρ
853 2047 997 2139 τριήρεις
1028 2047 1092 2114 είσλ
1121 2073 1215 2114 κατε·
1225 2051 1265 2114 96

142 2157 361 2233 σκευασμέναι
385 2149 441 2218 διά
462 2154 588 2231 τούτου,
613 2149 726 2236 ὥσπερ
751 2151 806 2219 δπί
830 2146 1010 2238 Εὐβούλου,
1033 2154 1072 2240 τῇ
1096 2150 1215 2236 πόλεις

144 2242 167 2339 ἢ
189 2263 287 2319 ποῖοι
309 2251 483 2320 νεώσοικοι
504 2251 622 2320 τούτου
645 2255 903 2337 πολιτευομένου
926 2254 1079 2339 γεγόνασι
1087 2282 1098 2337 ,·
1132 2254 1216 2322 πύτε

144 2347 241 2434 οὗτος
270 2347 291 2440 ἢ
314 2355 370 2422 διά
393 2351 611 2444 ψηφίσματος
631 2345 654 2443 ἢ
676 2356 778 2440 νόμου
801 2355 1029 2443 ἐπηνώρθωσε
1051 2357 1090 2422 τὸ
1115 2355 1217 2423 ίιτπι-

143 2457 218 2541 κάν,·
249 2463 325 2526 τίνοι
346 2457 562 2526 κατεσκεύασε
585 2456 739 2542 δύναμιν,
769 2459 929 2525 τοιούτων
957 2461 1079 2543 καιρῶν
1107 2485 1215 2544 παρα-

144 2567 325 2647 γενομένων
347 2558 431 2643 μετά
452 2559 510 2652 τὴν
529 2561 562 2628 ἓν
577 2567 769 2648 Χαιρωνείᾳ
790 2562 905 2649 μάχην,
929 2555 952 2650 ἢ
974 2561 1074 2651 πεζὴν
1095 2555 1116 2650 ἢ
1138 2587 1218 2628 ναυ-

145 2660 253 2749 τικήν,·
276 2660 326 2742 τίς
344 2657 580 2753 άνενήνεκται
595 2666 636 2752 τῇ
652 2670 725 2752 θεῷ
740 2661 863 2748 κόσμος
885 2663 932 2743 είς
952 2661 1134 2749 άκρύπσλιν
1150 2661 1217 2731 ύπδ

145 2763 284 2848 τούτου,·
316 2772 349 2832 τί
376 2766 607 2835 κατεσκεύακεν
638 2766 842 2855 οίκοδύμημα
863 2767 1084 2855 Δημοσθένης
1113 2767 1147 2836 έν
1174 2769 1220 2857 τῷ

146 2869 299 2956 ἐμπορίην
328 2875 376 2955 τῷ
403 2865 547 2957 ύμετέρῳ
575 2864 596 2957 ἢ
625 2869 660 2939 έν
688 2875 737 2960 τηῖ
765 2867 859 2938 άστει
880 2863 901 2961 ἢ
923 2867 1049 2937 ἄλλοθί
1071 2894 1137 2937 που
1160 2873 1217 2960 τῆς

142 2969 271 3056 χώρας;
304 2968 412 3049 ούδείς
441 2964 486 3038 άν
515 2966 662 3054 σύδαμσύ
691 2972 834 3053 δείξειεν.
879 2973 997 3040 ἐ’πειτα
1021 2970 1078 3038 τδν
1100 2972 1160 3056 μὲν
1182 2972 1216 3040 έν
1227 2975 1268 3037 97

145 3082 220 3151 ταῖς
242 3061 440 3158 πολεμικαῖς
462 3073 621 3158 πράξεσιν
640 3071 784 3142 άπιστον
798 3075 1017 3162 γεγενημένον,
1043 3075 1076 3142 ἐν
1093 3076 1128 3142 δὲ
1143 3085 1218 3154 ταῖς

146 3175 230 3241 κατὰ
257 3174 314 3264 τὴν
343 3177 444 3244 πάλιν
473 3175 676 3261 οἰκονομίαις
704 3176 881 3266 άχρηστον,
911 3177 1158 3263 περιεωρακύτα
1182 3180 1218 3246 δὲ

145 3277 223 3356 τούς
254 3273 605 3364 ἀντιπολιτευομένους
633 3277 767 3347 ἅπαντα
796 3280 1125 3366 διαπεπραγμένους
1155 3277 1218 3348 ὅσα

216 3491 249 3542 12
266 3481 335 3556 ύμᾶε
351 3486 382 3541 Α.
406 3515 438 3525 -
461 3484 506 3553 94,
524 3492 539 3541 3
557 3483 678 3542 τετέλεκε
695 3487 718 3540 Α
740 3519 775 3529 -
796 3490 859 3542 ,στί
876 3487 899 3540 N
917 3505 963 3556 pn,
988 3485 1035 3542 ὁτδ
1050 3489 1093 3554 Νί,
1114 3483 1179 3541 τότε
1195 3486 1217 3538 Α

148 3575 199 3626 ph:
217 3573 281 3610 corr.
299 3556 341 3608 A2.
359 3585 394 3595 -
411 3559 429 3609 4
448 3551 531 3608 ἄλλον
547 3560 669 3626 νομίζειν
686 3561 728 3612 At.
746 3587 779 3596 —
797 3559 812 3608 5
830 3551 894 3611 ,δτδ
911 3557 954 3622 N¹‚
972 3553 1035 3612 τδτδ
1052 3557 1095 3620 N’,
1115 3551 1179 3607 τότε
1195 3554 1219 3605 Α

147 3641 200 3694 μαι
223 3641 288 3679 εστι.
303 3625 345 3681 A¹.
365 3654 399 3665 -
418 3627 434 3677 6
452 3625 482 3675 έν
498 3626 538 3690 ιη’,
558 3625 580 3677 Ν
598 3657 632 3666 -
648 3625 756 3697 ούρανηῖ
774 3627 801 3680 in
817 3641 903 3678 rasura
922 3625 958 3677 N¹
975 3655 1009 3666 -
1025 3621 1114 3692 μέλλει
1133 3624 1154 3674 Α
1172 3639 1218 3692 ηε,

148 3710 212 3760 corr.
224 3693 266 3746 A2.
285 3722 318 3732 -
335 3692 408 3758 95st
428 3693 458 3743 ίν
477 3687 510 3758 δὴ
526 3697 560 3760 τῆ
579 3696 610 3750 Ν.
628 3725 661 3735 -
679 3699 695 3750 4
713 3691 744 3747 δι’
760 3695 839 3746 ἕνεκα
856 3693 887 3747 N.
909 3724 941 3733 -
963 3693 1008 3758 96,
1028 3697 1041 3748 1
1063 3688 1171 3762 τριήρηε
1187 3689 1219 3744 Ν.

149 3765 220 3847 ‚1²
243 3754 338 3829 ἕσπερ
360 3757 506 3830 ἐπιβούλου
527 3746 707 3850 λίητ.,ἐοει.
724 3763 768 3847 NJ.
790 3768 861 3846 5⁵
884 3758 1026 3815 τοσούτων
1042 3760 1124 3845 ῌΙεει.
1145 3789 1180 3799 -
1204 3763 1218 3812 *1

148 3849 293 3951 {32⁹3ssss
300 3828 842 3968 ‘0132'3‘220550222‘522w
864 3830 898 3938 λ
917 3828 1220 3954 ιὀλάίὲτίίλίδῖἑῖ

149 3965 303 4032 Stephanus.
320 3997 355 4008 -
371 3967 443 4033 δλμί
460 3962 572 4022 ἅπαντα
590 3966 621 4022 δέ
637 3987 719 4042 πεπρ.
738 3969 783 4022 ΝΑ
800 3985 851 4038 pn:
869 3983 932 4022 corr.
951 3967 993 4022 λ’.
