2882 4554
488 231 573 284 ΚΑΤΑ
590 228 842 286 ΔΗΜΘΣΘΕΝΟΥΣ.
1166 227 1205 286 18

137 403 250 492 δήμου,
273 401 321 487 μά
343 399 403 467 Δί’
428 393 465 466 οὗ
487 398 530 467 τά
551 407 690 468 τοιαῦτα
712 399 838 486 κινάδη,
862 401 896 466 οἳ
918 397 1127 486 πεποιήκασι
1146 399 1206 482 μὲν

135 501 229 572 οὐδέν
253 499 330 571 οόδὲ
351 502 535 589 πράξουσιν
557 497 686 588 ἀγαθάν
715 501 800 587 ὑπὲρ
826 504 884 587 τῆς
905 501 1051 580 πόλεως,
1080 501 1140 590 τὴν
1171 502 1207 568 δὲ

135 604 246 674 αότῶν
268 604 454 692 ἀσφάλειαν
475 607 649 691 τηροῦντες
675 606 730 670 καί
759 603 929 670 πάντοθεν
959 601 1207 688 ἀργυριζόμενοι

135 711 188 776 καί
218 705 436 795 πεποιηκότες
463 706 521 795 τὴν
549 705 649 773 πόλιν
678 699 874 791 ἀδοξοτέραν
898 705 1037 786 ἑαυτῶν,
1068 707 1120 773 καί
1151 707 1207 772 νῶν

108 829 112 841 ·
137 811 326 898 εἰλημμένοι
342 812 432 894 δῶρα
445 805 529 875 καθ’
541 804 632 893 ὑμῶν
648 807 829 895 εἰληφότες,
846 804 1099 892 παρακρούονθ’
1112 805 1205 891 ὑμᾶς,

135 915 189 980 καὶ
223 906 354 993 ἀξιοῦσι
383 915 531 982 τοιοῦτοι
552 916 758 998 γεγενημένοι
780 913 858 996 περὶ
880 919 939 998 τῆς
962 909 1086 978 ἑαυτῶν
1109 911 1208 978 πλεο·

136 1014 244 1096 νεξίας
266 1014 591 1101 παραγγέλλειν·
614 1011 672 1092 οὓς
692 1016 788 1100 χρῆν
805 1012 965 1084 τεθνάναι
979 1012 1062 1080 κατὰ
1077 1011 1115 1080 τό
1130 1013 1208 1081 ἑαυ-

129 1121 201 1184 τῶν
225 1117 386 1204 ψόφιομα
409 1117 526 1196 πάλαι,
549 1117 688 1184 τοιαῦτα
711 1116 1030 1201 διαπεπραγμένους.

227 1219 294 1287 Οὐκ
316 1218 524 1302 αἰσχύνεσθε,
556 1216 672 1303 ἀνδρες
691 1215 880 1304 Ἀθηναῖοι,
909 1217 967 1304 τὴν
989 1217 1072 1284 κατὰ
1093 1220 1257 1303 Δημο-έλ

138 1327 280 1400 σθένους
309 1319 484 1404 τιμωρέον-
501 1319 535 1388 έκ
562 1322 627 1386 τῶν
658 1316 825 1408 ἡμετέρων
852 1319 956 1404 λόγων
979 1318 1088 1402 μόνων
1110 1315 1209 1408 ἡγεό-

137 1448 231 1506 μενοι
255 1425 322 1490 δεῖν
345 1428 465 1506 κρίνειν
472 1451 484 1505 ,·
507 1419 564 1488 οάκ
586 1423 659 1488 ἰ’στε
679 1424 795 1489 τοῦτον
817 1417 913 1491 οὗτοὶ
928 1421 1113 1506 δωροδόκον
1130 1417 1209 1486 όντα

138 1527 196 1590 καλ
224 1523 366 1610 κλέπτην
395 1527 449 1590 καί
478 1522 645 1611 προδότην
675 1531 741 1591 τῶν
769 1522 891 1611 φίλων,
922 1523 1056 1612 καὶτῆς
1078 1522 1210 1606 πόλεως

139 1615 272 1706 ἀνάξιον
302 1625 357 1693 καὶ
379 1625 479 1693 αὐτόν
508 1629 563 1693 καλ
590 1627 648 1716 τὴν
678 1629 754 1711 περὶ
781 1629 898 1700 τοῦτον
920 1625 1017 1712 τάχην
1039 1631 1210 1712 γεγενημέ-

139 1756 196 1816 νην
204 1759 216 1812 ,·
247 1724 318 1796 ἀπὸ
341 1727 451 1798 ποίων
473 1729 703 1817 ψηφισμάτων
726 1722 823 1808 οὗτος
843 1723 867 1816 ἢ
887 1736 996 1796 ποίων
1019 1729 1128 1813 νόμων
1151 1723 1209 1796 οόκ

140 1833 272 1918 εἴληφεν
302 1826 475 1918 ἀργόριον;
513 1832 578 1900 εἰσί
606 1857 693 1911 τινες
721 1831 755 1898 ἐν
782 1835 828 1918 τῷ
857 1834 1054 1918 δικαστηρίῳ
1081 1841 1148 1898 τῶν
1176 1832 1260 1899 ἰν42

68 1967 70 1973 v
139 1938 211 2010 τοῖς
232 1930 436 2017 τριακοσίοις
456 1938 684 2018 γεγενημένων,
713 1926 774 1998 ὅθ’
801 1926 899 2012 οὗτος
920 1932 1029 2000 ἐτίθει
1050 1957 1107 2000 τον
1130 1933 1210 2019 περὶ

139 2036 206 2102 τῶν
228 2035 430 2122 τριηράρχων
453 2034 572 2120 νόμους
596 2034 634 2103 οὗ
654 2035 799 2122 φράσετε
820 2040 891 2114 τοῖς
906 2034 1049 2120 πλησίον
1066 2033 1120 2102 ὅτι
1134 2043 1210 2120 τρία

139 2136 284 2204 τάλαντα
306 2134 416 2221 λοβῶν
436 2143 620 2226 μετέγραφε
641 2138 697 2206 καὶ
711 2135 922 2223 μετεσκεύαζε
936 2137 993 2204 τὸν
1009 2137 1110 2220 νόμον
1125 2137 1208 2205 καθ’

140 2238 278 2325 ἑκάστην
301 2238 481 2325 ἐκκλησίαν,
504 2243 557 2306 καὶ
580 2240 622 2308 τὰ
644 2241 703 2323 μέν
726 2241 849 2309 ἐπώλει
871 2234 917 2309 ῶν
940 2239 1070 2330 εἰλήφει
1087 2240 1144 2329 τὴν
1160 2266 1211 2308 τι·

139 2341 219 2426 μην,
249 2338 295 2407 τά
320 2333 353 2407 δ’
380 2337 587 2426 ἀποδόμενος
617 2339 675 2409 οὖκ
701 2341 871 2428 ἐβεβαίου,Ι
906 2344 1023 2412 εἴπατέ
1045 2367 1104 2426 μοι
1125 2340 1210 2428 πρδς
1220 2347 1260 2410 43

140 2440 239 2524 Διός,
272 2433 453 2527 ῶάνδρες,
484 2453 606 2528 προῖκα
634 2447 751 2511 τοῦτον
781 2447 899 2513 οἴεσθε
924 2445 1054 2531 γράψαι
1075 2446 1210 2531 Διφίλῳ

140 2546 198 2630 τὴν
221 2547 255 2614 ἰν
277 2553 466 2634 πρυτανείῳ
492 2556 622 2634 σίτησιν
650 2549 704 2616 καί
733 2547 790 2633 την
820 2549 867 2625 εἰς
893 2548 951 2634 τὴν
980 2545 1101 2634 ἀγοράν
1131 2545 1212 2613 ἀνα-

141 2656 386 2736 τεθησομένην
410 2648 519 2718 εἰκόνα
527 2678 539 2733 ,·
571 2642 592 2734 ἢ
613 2647 651 2714 τό
674 2657 834 2738 ποιῆσαι
855 2649 996 2728 πολίτας
1018 2646 1102 2732 όμᾶς
1122 2656 1212 2717 Χαι-

141 2751 279 2839 ρέφιλον
301 2755 354 2819 καί
380 2750 533 2821 Φείδωνα
560 2753 614 2818 καὶ
636 2748 818 2838 Πάμφιλον
846 2750 902 2819 καὶ
926 2747 1161 2836 Φείδιππον,·
1190 2746 1212 2841 ἢ

142 2855 245 2923 πάλιν
262 2853 432 2942 Ἐπιγένην
454 2858 507 2922 καὶ
525 2854 663 2923 Κόνωνα
685 2857 762 2934 τούς
783 2857 983 2941 τραπεζίτας
990 2885 1002 2939 ,·
1031 2850 1052 2945 ἢ
1073 2855 1111 2923 τό
1133 2855 1211 2938 χαλ-

143 2966 219 3037 κοός
240 2958 273 3025 ἰν
296 2956 402 3046 ἀγορᾷ
425 2960 545 3046 στῆσαι
560 2957 797 3046 Παιρισάδην
820 2957 874 3024 καὶ
888 2957 1036 3046 Σάτυρον
1058 2961 1113 3024 καί
1128 2958 1211 3043 Γόρ-

142 3084 269 3146 γιππον
290 3061 368 3139 τοὺς
390 3061 432 3128 ἐκ
453 3063 525 3126 τοό
547 3060 712 3128 Πόντου
734 3060 921 3147 τυράννους,
945 3055 1028 3146 παρ’
1054 3055 1099 3127 ῶν
1123 3055 1211 3150 αότηῖ

209 3228 256 3292 40,
273 3231 288 3282 3
306 3227 338 3282 τίτ
358 3246 433 3297 supra
451 3246 554 3284 versum
571 3231 606 3281 λ1
623 3260 656 3270 -
673 3228 855 3296 πεποιήκασιν
872 3231 903 3284 N.
921 3261 955 3270 -
974 3237 989 3285 5
1007 3224 1101 3283 αὐτῶν
1116 3231 1162 3283 ΑΝ
1179 3261 1213 3271 -

142 3294 307 3362 πανταχόθεν
324 3297 406 3351 Blass.
427 3328 462 3339 -
486 3303 500 3351 7
519 3295 740 3369 παρακροόονται
758 3300 812 3351 A1t.
834 3328 867 3336 -
892 3302 908 3353 9
928 3295 1109 3371 παραγγέλειν
1126 3300 1149 3350 Α
1166 3317 1212 3368 ρο,

143 3382 207 3419 corr.
219 3365 263 3429 ΑΙ,
281 3358 415 3448 παράγειν
431 3366 526 3429 Baiter,
544 3383 603 3418 num
621 3365 807 3437 παραληροῖνί
829 3396 863 3405 -
884 3363 947 3436 γρὴε
970 3383 1034 3421 corr.
1052 3367 1161 3421 Bekker.
1179 3397 1208 3405 -

144 3438 175 3487 10
194 3430 282 3487 πάλαι
298 3452 367 3484 κατε
386 3451 411 3487 τ.
428 3433 449 3486 ί.
467 3451 498 3504 φ.
515 3434 547 3488 Ν.
568 3465 600 3474 -
626 3434 669 3500 41,
687 3438 703 3487 2
725 3432 863 3505 ὑμετέρων
880 3436 902 3487 Α
917 3451 967 3502 φα,
991 3453 1055 3489 corr.
1072 3437 1115 3488 Αἰ.
1139 3465 1172 3474 -
1196 3438 1213 3487 4

143 3504 262 3574 κρδπτην
280 3503 303 3553 Α
320 3517 371 3588 φα,
395 3517 458 3556 com
475 3503 511 3554 λ’
524 3532 566 3584 ff-
588 3504 648 3556 τῶν
671 3519 721 3556 om.
738 3505 761 3555 A
784 3533 817 3545 -
834 3503 881 3568 τῆς
902 3522 932 3557 π.
950 3499 1089 3574 άλιτόγριον
1106 3502 1212 3556 Franke.

142 3599 176 3608 -
195 3572 210 3622 6
229 3585 299 3640 μην.
317 3589 334 3633 η
351 3588 381 3624 π.
397 3564 492 3634 νόμων
508 3587 584 3623 ουτοι
601 3563 652 3622 οάκ
666 3572 696 3624 N.
716 3601 748 3610 -
765 3570 840 3635 424
858 3568 1034 3636 ...εοκεάαζε
1050 3575 1130 3639 Αφι,
1148 3587 1212 3627 corr.

142 3638 185 3691 A&
203 3667 237 3678 -
254 3637 301 3703 48,
320 3640 335 3690 2
358 3633 397 3689 διι
419 3633 480 3704 ίλῳι
503 3655 567 3691 corr.
586 3639 644 3694 Ald.
667 3667 700 3678 -
724 3642 739 3691 3
756 3657 907 3707 πρυταν,φ
931 3641 953 3692 Ν
971 3657 1021 3709 φα,
1046 3656 1108 3692 οοιι.
1126 3640 1163 3693 N¹
1180 3668 1213 3681 --

143 3701 358 3772 ἀναθησομένην
379 3707 401 3756 Α
428 3713 449 3757 t:
475 3721 538 3762 corr.
561 3706 665 3766 Reiske.
689 3736 723 3746 -
746 3711 763 3760 4
784 3703 958 3774 ποιήσασθαι
984 3709 1070 3760 Wurm
1093 3736 1127 3749 --
1150 3701 1214 3792 ὑμῖν

144 3773 273 3828 Weidner.
294 3803 324 3812 -
344 3779 359 3828 5
378 3771 526 3842 φίλιππονι
544 3791 607 3827 corr.
623 3775 717 3842 Bergk,
735 3773 883 3842 Φίλιππον,
900 3780 946 3828 καὶ
963 3772 1047 3830 πάλιν
1064 3780 1083 3839 t,
1102 3771 1214 3841 ἢπαλιν

143 3842 240 3895 hahent
256 3842 311 3894 AN.
328 3871 362 3886 -ψ
380 3846 395 3894 7
413 3836 559 3910 βιρισάδηυ
572 3844 642 3897 ANt:
660 3859 747 3896 veram
765 3846 875 3897 nominis
894 3845 1001 3897 formam
1019 3844 1086 3897 tituli
1104 3850 1213 3912 servant,

145 3909 177 3960 ελ
196 3910 372 3977 Dittenberger
390 3909 449 3973 sm,
469 3913 515 3965 101
531 3926 569 3980 sq.
588 3941 621 3953 --
639 3909 761 3983 πάτραν
778 3912 801 3963 Ν
818 3929 865 3980 μα,
883 3929 946 3965 corr.
960 3912 1003 3964 N1.
1022 3942 1054 3954 -
1073 3915 1087 3967 8
1105 3918 1136 3965 έκ
1153 3909 1214 3966 τεά·

143 3994 214 4029 τωνι
234 3995 297 4032 corr.
314 3977 409 4045 Baiter,
427 3979 458 4032 de
476 3980 583 4032 articulo
602 3979 634 4033 cf.
652 3981 711 4048 Lys.
729 3981 795 4047 XVI,
812 3985 836 4044 4,
855 3980 999 4045 ἐγθίστουε
1016 3981 1073 4034 Δλδ.
