2882 4554
195 226 235 285 20
574 269 577 276 ,
646 224 827 280 ΔΕΙΝΔΡΧΟΥ

195 395 285 483 φότα
307 421 341 462 τι
362 402 429 463 τῶν
453 420 471 459 ν
493 395 578 462 κατά
598 397 657 484 τῆς
678 396 842 479 πατρίδος
863 393 921 460 τὸν
944 394 1187 478 λελυμασμένον
1216 393 1273 461 καί

199 496 394 586 ἐφθαρκότα
416 496 475 583 τη“ν
497 501 556 587 τῆς
578 496 710 574 πόλεως
733 491 954 580 εὐδαιμονίαν,
978 495 1034 562 τόν
1057 520 1273 580 περικεχαρα-

145 608 186 669 65
197 605 343 688 κωμένην
373 599 633 686 παραδεδωκότα
655 600 714 683 τὴν
736 599 884 685 πατρίδα
905 601 980 677 ταῖς
1003 594 1106 665 αύτοῦ
1129 606 1275 685 συμβου-

197 701 286 782 λίαις
308 700 370 791 [ὃν]
394 701 507 788 οἱμὲν
530 702 648 788 ἐχθροί
675 699 731 768 καὶ
752 701 885 768 κακόνοι
906 709 964 791 τῆς
987 699 1118 778 πόλεως
1141 701 1184 791 ζῆ
1192 727 1208 767 ν
1231 696 1273 769 άν

196 804 389 889 βούλοιντο,
422 800 597 889 συμφοράν
626 801 801 890 ἡγούμενοι
828 805 887 892 τῆς
913 802 1044 881 πόλεως
1066 796 1166 882 εἶναι,
1198 799 1275 872 ὅσοι

199 908 234 975 δὲ
259 897 350 973 εδνοι
371 917 444 984 τοῖς
464 901 634 991 όμετίροις
656 904 839 990 πράγμασι,
862 906 916 970 καλ
939 904 1191 993 μεταπεσούσης
1213 913 1272 995 τῆς

197 1008 295 1094 τύχης
318 1006 508 1088 ἐλπίζουσιν
531 1007 590 1074 ἐπὶ
610 1005 648 1072 τδ
671 1007 803 1092 βέλτιον
827 994 867 1072 όν
889 1003 931 1072 τά
948 1013 1006 1094 τῆς
1020 1006 1152 1085 πόλεως
1170 1005 1274 1093 πράγ.

198 1134 287 1195 ματα
316 1107 445 1190 ἐλθεῖν,
475 1108 534 1194 τὴν
563 1106 658 1188 άξίαν
689 1104 789 1175 δόντα
819 1109 908 1195 δίκην
937 1110 1003 1174 τῶν
1032 1115 1275 1195 πεπραγμένων

200 1209 413 1279 ἀπολωλέναι
440 1210 633 1295 βούλονται,
657 1210 723 1278 ,καί
760 1205 855 1278 ταῦτ’
888 1207 1037 1294 εύχονται
1066 1222 1137 1289 τοῖς
1169 1218 1274 1291 θεοῖς.

202 1311 258 1392 οὓς
279 1312 368 1399 κάγιδ
388 1315 638 1398 συμπαρακαλῶ
660 1315 769 1380 σῶσαι
791 1312 848 1401 τὴν
876 1315 1038 1398 πατρίδα,
1068 1311 1276 1382 κινδυνεύου-

202 1440 262 1483 σαν
286 1410 371 1499 ὁρῶν
394 1411 478 1498 ὑπὲρ
502 1421 682 1502 σωτηρίας,
713 1409 798 1499 ύπὲρ
821 1416 967 1493 παίδων,
998 1411 1081 1500 ὑπὲρ
1103 1424 1275 1502 γυναικῶν,

152 1525 193 1587 66
203 1514 286 1602 ὑπὲρ
311 1516 422 1602 δόξης,
451 1512 536 1603 ὑπὲρ
566 1519 632 1583 τῶν
655 1514 763 1582 ἄλλων
787 1515 925 1600 ἀγαθῶν
948 1513 1115 1584 ἁπάντων.
1160 1525 1193 1586 τί
1214 1519 1275 1605 γάρ

203 1622 350 1707 ἐροῦμεν,
373 1610 403 1685 τό
422 1617 611 1706 Ἀθηναῖοι,
635 1622 721 1704 πρός
742 1619 820 1698 τούς
841 1619 1098 1706 περιεστηκότας
1122 1620 1278 1700 ἐξελθόν-

202 1747 257 1801 τες
278 1721 313 1789 ἐκ
328 1723 386 1788 τού
403 1722 623 1808 δικαστηρίου,
649 1720 714 1803 δάν,
739 1719 816 1811 δμὴ
832 1728 970 1805 γίνοιτο,
994 1725 1278 1812 παρακρουσθῆτε

203 1820 270 1892 ὑπό
293 1825 352 1913 τῆς
374 1823 493 1890 τούτου
515 1830 684 1911 μσητείας,·
707 1830 795 1891 τίσιν
818 1820 1011 1911 ὀφθαλμοῖς
1034 1825 1170 1904 ἕκαστος
1185 1823 1277 1909 ὑμῶν

204 1931 262 2017 τὴν
279 1925 439 2016 πατρηάν
455 1924 566 1996 ἑστίαν
583 1928 697 1996 οῖ’καδε
712 1921 872 1994 άπελθών
889 1927 971 1995 ἰδεῖν
986 1927 1177 2015 τολμήσει,
1192 1926 1280 1994 άπα-

206 2030 374 2111 λελυκότες
401 2029 460 2115 μὲν
492 2027 549 2096 τόν
578 2029 746 2116 προδότην
774 2029 832 2097 τόν
858 2031 1004 2114 πρῶτον
1027 2031 1088 2109 είς
1109 2028 1166 2096 τόν
1189 2031 1279 2098 ίδιον

206 2129 297 2202 οἶκον
321 2132 584 2218 εἰσενεγκάμενον
606 2130 645 2197 τό
670 2132 995 2216 δεδωροδοκημένον
1017 2137 1160 2217 χρυσίον,
1184 2158 1280 2201 κατε-

206 2236 365 2323 γνωκότες
389 2234 425 2303 δὲ
445 2236 546 2320 μηδὲν
570 2230 695 2322 ἀληθὲς
716 2233 798 2321 μήτε
821 2234 927 2320 ζητεῖν
948 2233 1036 2324 μήθ’
1059 2230 1218 2322 εόρίσκειν
1241 2235 1280 2301 τὸ

209 2336 409 2422 σεμνότατον
426 2333 520 2422 παρά
535 2344 640 2404 πᾶσιν
657 2334 855 2421 ἀνθρώποις
871 2331 956 2404 εἶναι
974 2336 1187 2422 νομιζόμενον
1205 2360 1282 2402 συν·

158 2445 198 2508 67
210 2443 337 2527 έδριον;
357 2446 450 2518 τίνας
472 2440 516 2520 δέ,
542 2424 568 2504 ὦ
587 2435 831 2528 Ἀθηναῖοι-
850 2449 1005 2507 σκοπεῖτε
1023 2438 1084 2524 γάρ
1100 2437 1186 2523 πρός
1199 2435 1283 2522 ὑμᾶς

211 2542 330 2622 αύτούς
351 2581 409 2622 -,
438 2547 531 2621 τίνας
559 2541 618 2620 τὰς
648 2540 786 2620 ἐλπίδας
815 2542 945 2626 ἕξομεν,
976 2541 1034 2609 ἐὰν
1061 2541 1209 2620 κίνδυνός
1232 2564 1284 2620 τις

210 2644 377 2731 καταλάβῃ
401 2644 459 2731 τὴν
486 2640 603 2724 πόλιν,
635 2644 673 2712 τὸ
703 2643 763 2727 μὲν
793 2646 884 2728 δῶρα
913 2642 1091 2729 λαμβάνειν
1121 2644 1205 2709 κατὰ
1227 2646 1284 2728 τῆς

210 2748 373 2833 πατρίδος
396 2742 544 2831 ἀσφαλὲς
567 2741 652 2814 εἶναι
674 2745 912 2833 πεποιηκότες,
936 2745 974 2810 τό
998 2746 1033 2812 δὲ
1055 2745 1114 2832 τὴν
1137 2745 1284 2836 φυλακην

212 2849 285 2932 ἐ’χον
315 2849 486 2933 συνέδριον
516 2855 574 2934 τῆς
603 2848 734 2927 πόλεως
763 2847 795 2914 ἐν
825 2861 896 2926 τοῖς
924 2847 1091 2927 τοιούτοις
1122 2847 1286 2926 κινδύνοις

162 2953 204 3017 68
214 2947 370 3035 ἀδόκιμον
385 2948 648 3039 καταστήσαντες
655 2978 667 3033 ,·
690 2957 723 3017 τί
739 2948 772 3016 δ’
789 2948 920 3017 δάν-
939 2957 1089 3035 τιθῶμεν
1104 2951 1165 3036 μὰρ
1181 2953 1286 3017 ταῦτα

213 3091 255 3104 -
277 3053 333 3121 ίὰν
357 3050 499 3120 κατὰτὸ
522 3051 684 3142 ψήφισμα
712 3051 751 3118 τὸ
772 3057 1013 3138 Δημοσθένους
1041 3053 1170 3142 ἀπαιτῇ
1199 3052 1286 3138 πίμ-

281 3222 376 3274 δτοῖν
392 3228 465 3276 om.t
482 3252 516 3261 —
533 3222 593 3276 τῶν
621 3222 818 3290 κομισθίντων
828 3222 975 3297 χρημάτων
1009 3225 1041 3277 οἱ.
1054 3224 1137 3290 Blass,
1156 3225 1214 3280 sort.
1228 3224 1288 3277 τεόν

213 3287 281 3342 κατὰ
300 3289 347 3355 τῆε
366 3308 424 3343 πατ
441 3286 497 3344 ίδσε
513 3290 700 3364 (χρημάτων).
719 3321 753 3332 -
771 3295 786 3346 8
805 3309 845 3345 πα
864 3287 1022 3345 αδεδωκοτα
1039 3293 1066 3345 in
1084 3309 1163 3361 marg.
1182 3293 1240 3347 hab.
1256 3293 1287 3359 A,

214 3353 410 3429 προδεδωκότα
424 3310 554 3414 ρθείιαιίδι.
570 3388 605 3399 -
622 3361 693 3426 65,1
715 3356 798 3413 αύτσῦ
814 3361 835 3411 Α
861 3390 918 3416 .-
939 3364 954 3413 2
972 3354 1006 3413 δν
1023 3362 1118 3414 seclusi
1136 3391 1167 3401 —
1186 3363 1221 3433 τῇ
1239 3357 1289 3414 πό-

215 3424 255 3479 λει
274 3425 357 3545 Κίεηα
374 3454 408 3465 -
427 3427 518 3492 ζητεῖν
534 3428 620 3547 Agr„
637 3444 724 3481 rasura
742 3444 815 3492 τοτα,
833 3430 849 3492 ζ
858 3465 882 3482 ..
901 3429 924 3480 Ν
942 3444 988 3495 pn,
1006 3444 1070 3484 εστι.
1081 3430 1123 3482 N².
1141 3458 1176 3470 —
1193 3433 1210 3482 4
1226 3423 1289 3496 ἡμι·

215 3497 302 3566 τίροιε
368 3522 399 3532 -
420 3497 435 3547 6
454 3490 534 3560 δίκην
552 3490 569 3547 δ
586 3515 640 3548 ντα
657 3497 699 3550 λλ.
721 3527 754 3536 -
777 3497 857 3559 (36.3
880 3500 992 3568 γίνηται
1009 3498 1032 3549 Α
1051 3515 1096 3567 ηε,
1119 3513 1175 3550 corr
1192 3496 1235 3550 λ’.
1254 3525 1288 3536 -

218 3567 233 3616 5
250 3559 391 3631 τολμήσειε
409 3562 444 3628 N,
462 3559 622 3631 τολμήσειεν
638 3565 673 3617 A:
695 3581 758 3618 corr.
778 3564 886 3618 Bekker.
904 3595 937 3604 —
956 3568 971 3618 6
990 3566 1104 3634 πρῶτον
1121 3563 1172 3618 τὸν
1189 3563 1226 3618 εῖτ
1243 3564 1289 3616 ΝΑ

217 3646 263 3697 ινα,
282 3631 346 3683 ἰοΑ
364 3646 450 3683 rasura
468 3646 541 3695 σου,
558 3632 674 3701 πρῶτον
691 3633 797 3686 seclusit
808 3632 891 3686 Βίεεε.
909 3662 938 3672 -
962 3637 976 3686 ’ί
996 3629 1217 3702 δεδωροκημίνον
1234 3632 1288 3686 ΑΝ.

216 3727 251 3737 -
270 3700 285 3751 8
302 3693 372 3765 μηδὲ
389 3700 411 3763 ζ.
430 3698 452 3749 Α
469 3727 503 3741 --
519 3694 587 3766 μηδ’
607 3695 662 3772 εύρ.
680 3701 762 3770 Νρτ,
779 3717 842 3757 τοτε.
861 3700 896 3754 N¹
914 3701 956 3754 vel
973 3702 996 3753 N
1001 3703 1009 3736 ¹
1027 3731 1059 3740 -
1076 3698 1118 3755 τὸ.
1135 3700 1157 3752 N
1176 3718 1220 3769 pr„
1239 3715 1289 3754 τεε.

218 3780 282 3819 εστι.
300 3795 333 3805 -
351 3770 367 3820 9
385 3762 555 3834 σεμνότατον
572 3773 632 3836 post
649 3767 719 3821 εῖναι
737 3770 815 3822 habet
830 3770 871 3822 λλ
889 3798 924 3809 -
940 3770 1013 3834 em
1030 3773 1101 3854 ῖηων
1119 3770 1140 3821 N
1160 3785 1206 3837 pr„
1225 3783 1290 3823 corr.

218 3833 254 3886 N¹
275 3834 317 3886 vel
335 3832 378 3886 N¹.
394 3865 429 3876 -
446 3836 491 3903 68,
511 3839 524 3891 1
542 3840 572 3888 τί
588 3831 634 3888 δαν
653 3831 816 3905 ἀντιδῶμεν
833 3837 856 3890 N
874 3855 921 3906 pr„
944 3842 975 3890 τί
990 3833 1021 3890 δὲ
1037 3836 1200 3906 αντιθιύμεν
1218 3835 1289 3892 λΝἰ

218 3918 283 3957 corr.
307 3901 484 3971 Funkhaenel‚
508 3908 538 3957 τί
553 3900 584 3957 δι’
600 3899 636 3956 ἂν
651 3933 685 3944 -
702 3905 831 3974 τιθῶμεν
848 3911 866 3961 t.
889 3935 923 3946 -
945 3908 960 3958 2
979 3901 1185 3972 δημοσθενσυε
1202 3905 1223 3957 Α
1241 3921 1290 3975 pn,

218 3986 305 4024 rasura
323 3986 387 4027 εστι.
