2882 4554
526 253 611 306 ΚΑΤΑ
627 252 880 308 ΔΗΜΟΣΘΕΝΟΥΣ.
1202 254 1242 313 21

169 428 240 506 ψας
269 415 353 509 ἡμᾶς
378 417 595 505 Ἀλέξανδρος
623 420 661 487 τό
689 429 823 505 χρυσίον
850 421 889 488 τὸ
917 423 1079 505 κομισθέν
1110 423 1156 503 εἰς
1184 424 1243 511 τὴν

168 522 278 610 χώραν
300 520 368 590 ύπό
387 519 557 609 Ἁρπάλου
563 573 573 606 ,
603 525 656 590 καί
686 522 772 608 πρός
800 525 849 612 τῷ
876 530 1077 612 γεγενῆσθαι
1105 527 1164 616 τὴν
1187 524 1246 618 τῆς

169 627 292 712 βουλῆς
314 625 490 714 ἀπόφασιν
512 626 589 704 τούς
606 627 731 705 παῖδας
745 632 949 714 καταπέμψῃ
966 626 1052 710 πρὸς
1066 624 1152 716 ἡμᾶς
1167 629 1245 709 τούς

170 735 228 795 νῦν
252 723 296 807 ὥς
318 728 437 796 ἑαυτὸν
460 727 792 812 ἀνακεκομισμένους,
824 731 878 796 καὶ
901 728 1025 796 τούτων
1049 727 1139 810 άξιοί
1161 758 1245 798 πυν-

171 829 343 898 θάνεσθαι
364 830 423 917 τὴν
440 827 601 916 ἀλήθειαν
624 825 742 920 ἡμᾶς,
765 828 852 916 πρός
874 836 975 912 θεῶν,
1005 815 1033 898 οἰ
1056 830 1188 918 ἄνδρες,
1212 839 1246 900 τέ

172 934 327 1017 έρούμεν;
348 931 515 1019 γράψεις
534 933 583 1014 σύ,
596 932 821 1020 Δημόσθενες,
838 935 997 1017 πολεμεῖν
1014 929 1109 1022 ἡμᾶς,
1127 935 1244 1026 ἐπειδὴ
1255 943 1296 1006 69

171 1037 225 1102 καί
247 1036 325 1113 τούς
346 1034 509 1121 πρότερον
531 1037 701 1119 πολέμους
722 1037 830 1115 καλῶς
856 1037 861 1122 Ι
886 1036 1070 1123 διῴκησαςς
1098 1040 1153 1106 καί
1180 1037 1246 1105 πό·
1267 1053 1297 1104 99

171 1136 266 1223 τερόν
295 1137 366 1205 ἐστι
395 1135 614 1222 δικαιότερον,
644 1129 684 1204 δν
713 1144 817 1204 ταῦτα
848 1136 925 1225 δόξῃ
953 1141 1008 1205 καί
1037 1149 1110 1219 τοῖς
1133 1138 1247 1220 άλλοις
1281 1141 1285 1151 ’

170 1238 375 1328 Ἀθηναίοις,
400 1239 447 1319 εἰς
468 1239 525 1308 τόν
547 1239 696 1323 πόλεμον
711 1235 871 1324 ὑπάρχειν
886 1239 969 1324 μετά
983 1249 1049 1309 τῶν
1065 1240 1174 1310 ἄλλων
1192 1240 1248 1310 καί

172 1341 211 1409 τό
233 1343 327 1428 παρὰ
349 1351 410 1409 σοῦ
432 1349 579 1428 χρυσίον,
610 1331 631 1432 ἢ
652 1341 729 1422 τούς
750 1342 810 1426 μέν
833 1341 953 1422 ἄλλους
974 1341 1045 1410 άπὸ
1067 1352 1131 1411 τῶν
1154 1343 1247 1411 ἰδέων

173 1443 344 1533 κτημάτων
367 1445 503 1513 ἕκαστον
530 1443 696 1532 εἰσφέρειν
725 1447 780 1512 καί
807 1445 1043 1529 καταχωνεύειν
1072 1446 1130 1514 τδν
1159 1447 1248 1514 ἰ’διον

174 1548 298 1633 κόσμον
318 1555 383 1614 τῶν
406 1551 568 1633 γυναικῶν
590 1551 645 1616 καί
667 1546 709 1615 τά
731 1547 914 1632 ἐκπώματα
936 1548 992 1616 καί
1013 1547 1124 1616 πάντα
1147 1547 1189 1616 τά
1213 1548 1247 1616 ἓν

174 1658 215 1741 τῇ
233 1650 325 1738 χώρᾳ
345 1648 548 1740 ἀναθήματα
569 1658 635 1717 τῶν
657 1656 764 1730 θεῶν,
796 1646 910 1736 δι’σπερ
934 1652 1070 1738 ἔφησθα
1093 1651 1134 1719 σύ
1155 1651 1250 1738 γρά-

175 1767 288 1841 ψειν,
322 1747 422 1830 αύτδς
459 1751 646 1836 εἰσενεγκὼν
683 1751 888 1840 πεντήκοντα
918 1753 1064 1838 δραχμὰς
1093 1748 1162 1820 άπὸ
1191 1756 1251 1842 τῆς

175 1856 282 1935 οἰκίας
303 1858 361 1943 τῆς
387 1853 421 1922 έν
443 1860 598 1939 Πειραιεῖ
625 1857 678 1922 καί
707 1862 768 1942 τῆς
796 1855 829 1922 ἰν
859 1851 973 1938 ἄστει,
1005 1863 1166 1923 τοσοῦτον
1187 1853 1249 1942 γάρ

175 1958 258 2025 κατὰ
286 1958 346 2044 τὴν
369 1963 534 2044 προτέραν
557 1955 718 2044 εἰσφοράν
742 1957 953 2046 εἰσενηνοχώς
977 1958 1081 2025 εἰκοσι
1103 1959 1250 2026 τάλαντα

177 2060 271 2144 έχεις.
315 2049 337 2147 ἢ
359 2059 517 2144 πολεμεῖν
546 2060 605 2144 μὲν
628 2057 665 2126 ου’
688 2059 845 2146 γράψεις,
875 2059 1078 2127 ἀποδιδόναι
1108 2061 1144 2128 δὲ
1166 2059 1250 2128 κατὰ
1261 2066 1300 2129 70

176 2163 214 2228 τὸ
237 2168 456 2248 γεγραμμένον
479 2158 546 2228 ύπδ
570 2164 629 2230 σού
649 2161 812 2250 ψήφισμα
834 2161 1027 2241 κελεύσεις
1045 2157 1250 2249 Ἀλεξάνδρῳ

176 2263 216 2331 τό
244 2271 478 2347 κεκομισμένον
511 2270 665 2348 χρυσίον,
705 2262 821 2331 ούκοῦν
852 2260 935 2351 ύπὲρ
966 2267 1026 2332 σοῦ
1055 2265 1113 2332 τόν
1145 2265 1250 2354 δῆμον

173 2363 380 2435 ἀποδιδόναι
402 2365 521 2455 δεήσει.
565 2370 620 2434 καὶ
644 2375 712 2434 ποῦ
734 2363 827 2434 τοῦτ’
852 2367 924 2435 ἔστι
946 2369 1074 2434 δίκαιον
1096 2360 1116 2433 ἰ
1138 2366 1249 2434 κοινόν

175 2463 198 2558 ἢ
221 2469 409 2557 δημοτικόν,
431 2469 509 2548 τούς
530 2470 590 2554 μέν
614 2468 847 2554 ἐργαζομένους
869 2469 1044 2557 εἰσφέρειν,
1071 2470 1109 2536 σὲ
1132 2468 1169 2537 δέ
1191 2465 1252 2554 ἅρ-

174 2572 293 2654 πάζειν
322 2570 378 2641 καί
405 2572 558 2641 κλέπτειν
565 2601 577 2656 ,·
610 2574 664 2639 καὶ
701 2573 778 2652 τοδς
806 2574 867 2655 μέν
896 2572 1041 2660 φανερὰν
1070 2573 1253 2658 κεκτῆσθαι

176 2675 235 2763 τὴν
258 2673 374 2743 ούσέαν
396 2679 452 2744 καί
474 2674 545 2742 άπὸ
566 2676 687 2763 ταύτης
709 2674 884 2763 εἰσφέρειν,
908 2677 947 2743 σὲ
963 2676 998 2742 δὲ
1013 2673 1120 2742 πλείω
1135 2668 1157 2762 ἢ
1171 2702 1250 2744 πεν-

175 2776 316 2863 τήκοντα
338 2780 392 2845 καί
414 2779 529 2845 ἑκατόν
552 2777 698 2844 τάλαντα
719 2776 761 2845 τά
783 2777 843 2861 μὲν
867 2777 901 2845 ἰκ
921 2780 985 2845 τῶν
1005 2779 1187 2863 βασιλικῶν
1208 2779 1251 2844 τδι

176 2881 212 2947 δὲ
248 2879 283 2948 έκ
317 2886 383 2945 τῶν
409 2873 628 2966 Ἀλεξάνδρου
662 2879 896 2965 πραγμάτων
931 2879 1117 2968 εἰληφέναι,
1151 2881 1253 2966 μηδὲν

177 2982 214 3049 δὲ
241 2981 386 3067 φανερόν
415 2979 448 3048 έν
478 2990 520 3069 τῇ
548 2982 648 3050 πόλει
675 2990 873 3070 κεκτῆσθαι,
905 2976 990 3050 άλλὰ
1016 2981 1253 3050 διεσκευάσθαι

177 3083 263 3168 πρός
290 3084 348 3152 τὸν
379 3085 482 3172 δῆμον
513 3079 558 3164 ὥς
587 3079 636 3172 ού,
653 3084 854 3154 πιστεύοντα
882 3095 954 3164 τοῖς
979 3084 1086 3173 ἑαυτῷ
1107 3085 1253 3152 πεπολι-

178 3184 365 3269 τευμένοις,
395 3187 451 3255 καί
472 3186 550 3266 τούς
570 3187 630 3272 μὲν
652 3186 773 3270 νόμους
794 3185 967 3272 προλέγειν
990 3193 1037 3274 τῷ
1059 3186 1176 3276 ῥήτορι
1198 3187 1251 3253 καί
1264 3191 1303 3254 71

177 3295 225 3372 τῷ
248 3291 434 3374 στρατηγῷ,
462 3287 542 3377 (τῷ)
563 3286 621 3377 τήν
644 3288 737 3375 παρὰ
758 3295 818 3355 τοῦ
841 3288 944 3376 δήμου
966 3285 1082 3356 πίστιν
1106 3282 1255 3369 άξιοῦντι

245 3462 263 3511 4
278 3455 348 3529 πρὸς
361 3454 393 3509 τό
408 3457 431 3508 Α
444 3475 490 3525 με,
507 3475 571 3513 corr.
586 3459 628 3513 A2.
645 3489 677 3498 -
691 3462 707 3511 5
721 3461 896 3529 καταμέμφει
910 3458 933 3509 Α
947 3475 993 3527 με,
1010 3475 1074 3512 corr.
1089 3460 1124 3511 Α*
1137 3487 1171 3497 -
1184 3450 1256 3524 ύμᾶε

177 3527 208 3582 Ν.
224 3555 260 3609 ‚-
279 3521 387 3594 Ἰύμᾶεε
401 3541 465 3580 corr.
479 3527 591 3630 Saffppe.
608 3527 731 3647 -δδδᾼ
745 3523 870 3646 γρόφιῇεε
884 3542 948 3580 corr.
961 3527 1115 3647 ὃῐεφφεοαεέ
1131 3528 1198 3609 ‘0²
1210 3525 1254 3626 fin:

177 3597 406 3729 ἴέλῗέὲζέίἐε.
416 3595 1254 3730 [mim{57:351152212ff’vssfffffflzfflm:

176 3732 285 3800 phanus.
297 3761 331 3770 -
344 3735 358 3784 5
368 3731 420 3799 μὲν
436 3770 477 3786 ...
493 3731 547 3803 έργ.
560 3732 651 3785 Aoum
660 3733 698 3785 lit.
709 3733 785 3785 trium
793 3747 890 3785 rasura.
900 3759 933 3770 -
944 3733 1015 3784 διαὶ
1024 3726 1152 3782 κλέπτειν
1161 3746 1212 3783 om.
1221 3731 1257 3783 At

175 3829 210 3840 -
222 3803 270 3852 καὶ
280 3796 343 3852 τοδε
353 3801 405 3867 μὲν
423 3839 498 3854 .....
517 3798 651 3870 εἰσφέρειν
667 3801 694 3851 in
705 3814 785 3867 marg.
798 3800 855 3853 add.
869 3800 911 3851 Αῑ.
930 3827 964 3839 -
983 3802 997 3850 7
1011 3795 1106 3850 πλεῖον
1117 3798 1150 3863 Ν,
1167 3795 1254 3851 πλείω

178 3866 263 3937 (μὲν)
275 3869 308 3922 ci.
320 3867 403 3920 Blass.
421 3897 455 3906 -·
473 3870 489 3921 9
502 3863 650 3953 χρημάτων
663 3867 740 3920 Wolf.
759 3896 790 3906 -
810 3872 842 3921 10
856 3865 977 3938 φανερὸν
988 3869 1020 3918 έν
1030 3867 1065 3938 τῇ
1078 3862 1157 3919 πόλει
1169 3867 1194 3918 in
1207 3882 1256 3918 εεε.

177 3936 221 3999 Δῑ,
237 3936 310 4003 Δρε.
329 3936 400 3989 forta
419 3934 486 4006 πρὸς
503 3953 556 3989 τον
573 3932 667 4004 δῆμον.
685 3965 719 3976 -
739 3939 769 3991 11
788 3933 1049 4002 πεπολιτευμένοις
1070 3934 1153 4002 Npr.‚
1170 3948 1257 3987 rasura

181 4018 254 4071 corr„
273 4000 488 4073 πολιτευομένοις
504 4005 547 4058 At.
566 4035 599 4044 —
616 4005 657 4070 71,
675 4006 691 4057 2
709 4005 750 4073 τῷ
770 4004 827 4060 εδδ.
843 4003 947 4068 Βείεἰεε,
966 4018 1016 4057 om.
1036 4005 1054 4057 t,
