2882 4554
221 237 261 299 28
671 244 855 300 ΔΕλΝλΡΧΟΥ

221 413 284 498 γάρ
307 405 403 495 οἰμαι
423 411 463 478 τό
485 413 545 495 μὲν
572 410 605 479 έν
635 416 683 499 τῷ
711 416 811 500 κοινῷ
837 413 1015 501 φυλάττειν
1043 415 1138 500 παρὰ
1160 415 1295 486 πάντων

223 505 485 598 ὁμολογούμενον
510 508 594 583 εἰναι
617 516 760 596 δίκαιον,
791 515 830 582 τὸ
853 517 889 583 δὲ
910 514 1049 598 τούτους
1072 518 1155 602 έχειν
1177 519 1295 608 μηδέν’

221 610 262 685 ἀν
285 616 392 684 εἰπεῖν
415 614 460 694 ὥς
482 617 556 685 ἔστι
576 618 683 696 καλῶς
706 619 788 702 ἔχον.

172 723 210 785 91
257 729 260 736 “
308 716 461 798 Πολλούς
484 707 580 798 οὗτος
602 720 670 804 ἰρεῖ
691 720 746 787 καὶ
768 719 1007 803 παντοδαπούς
1029 721 1164 806 λόγους,
1188 709 1215 788 εἰ
1238 721 1298 792 ἀν-

222 822 306 905 δρες,
336 822 390 888 καί
421 818 621 890 οὐδέποτε
648 821 725 900 τοὺς
755 820 884 901 αύτούς.
941 819 1003 911 δρᾷ
1031 823 1093 910 γάρ
1122 822 1209 908 ύμᾶς
1238 823 1297 894 τδν

223 923 357 992 ἅπαντα
385 924 501 1009 χρόνον
527 923 642 991 ἐλπίσι
663 933 772 1003 κεναῖς
798 925 853 992 καί
876 924 1017 1010 ψευδέσι
1040 926 1151 1012 λόγοις
1173 926 1298 1015 ἐξηπα-

223 1032 382 1115 τημένους
411 1021 474 1112 ὕφ’
507 1025 641 1112 ἑαυτοῦ,
677 1025 733 1094 καὶ
765 1033 861 1111 μέχρι
886 1028 1005 1095 τούτου
1033 1030 1297 1116 μνημονεύοντας

223 1128 283 1210 τάς
304 1127 501 1213 ὑποσχέσεις
529 1128 643 1214 μέχρις
666 1125 706 1196 ἀν
728 1130 890 1216 ῥηθῶσιν.
935 1130 965 1198 εἰ
991 1132 1051 1215 μέν
1080 1121 1138 1199 σύν
1167 1135 1217 1200 ἔτι
1245 1133 1298 1202 δεῖ

223 1232 282 1322 τὴν
304 1231 405 1299 πόλιν
427 1234 485 1320 τῆς
505 1236 747 1318 Δημοσθένους
772 1238 934 1320 πονηρίας
961 1233 1017 1300 καὶ
1046 1233 1180 1319 ἀτυχίας
1209 1232 1298 1303 ἀπο-

224 1334 351 1416 λαύειν,
381 1335 437 1402 ἵνα
466 1337 572 1402 πλείω
601 1337 890 1416 κακοδαιμονῶμεν
913 1373 954 1386 -
977 1333 1073 1405 σύδέ
1093 1337 1155 1423 γάρ
1179 1340 1241 1422 ἰχω
1263 1334 1298 1406 τό

173 1445 215 1508 92
225 1435 306 1510 ἄλλο
330 1437 417 1505 εἰπω
439 1474 495 1518 -,
526 1441 696 1518 στερκτέον
717 1429 794 1524 <ἀν>
816 1437 865 1524 εἰη
887 1442 959 1516 τοῖς
982 1446 1238 1525 συμβαίνουσιν·
1268 1438 1299 1507 εἰ

225 1535 258 1608 δ’
291 1543 340 1608 ἔτι
368 1539 541 1626 κηδόμεθα
571 1541 629 1627 τῆς
656 1541 819 1623 πατρίδος
852 1543 907 1609 καί
935 1539 1014 1621 τούς
1041 1540 1207 1629 πονηρούς
1242 1545 1298 1609 καί

224 1643 431 1730 δωροδόκους
452 1643 613 1724 μισοῦμεν
642 1642 696 1707 καί
725 1639 1011 1725 μετοιωνίσασθαι
1036 1643 1094 1731 τὴν
1116 1643 1213 1732 τύχην
1242 1643 1299 1712 καὶ

224 1745 498 1830 μεταλλάξασθαι
536 1743 748 1830 βουλόμεθα,
790 1739 828 1812 ού
868 1752 1058 1829 προετέον
1092 1746 1181 1814 ἐστὶν
1211 1741 1297 1829 ύμᾶς

174 1861 217 1912 102
227 1845 357 1927 αύτούς,
380 1837 407 1913 ιό
425 1844 615 1932 Ἀθηναῖοι,
642 1857 717 1924 ταῖς
732 1854 791 1914 τού
809 1849 815 1934 Ι
834 1851 956 1933 μιαροῦ
976 1849 1030 1916 καί
1046 1847 1163 1935 γόητος
1177 1846 1298 1915 τούτου

226 1947 388 2038 δεήσεσιν,
419 1943 495 2016 οὐδὲ
517 1949 738 2033 προσδεκτέον
760 1947 838 2028 τοὺς
860 1949 990 2028 οἰκτυυς
1019 1952 1073 2016 καὶ
1096 1949 1174 2029 τούς
1196 1974 1299 2036 φενα-

226 2049 362 2137 κισμούς
383 2051 518 2119 τούτου·
553 2049 665 2138 ἰκανὴν
693 2051 756 2137 γάρ
787 2051 944 2139 εἰλήφατε
969 2057 1089 2138 πεῖραν
1112 2051 1213 2120 αύτού
1243 2055 1298 2120 καί

174 2157 215 2220 93
225 2158 291 2222 τῶν
314 2153 419 2240 λόγων
441 2156 495 2220 καλ
517 2156 583 2220 τῶν
599 2154 700 2237 ἰργων
723 2155 858 2240 καὶτῆς
880 2152 984 2240 τύχης.
1021 2160 1073 2234 τίς
1089 2150 1193 2233 ούτως
1209 2153 1300 2223 εύελ-

224 2283 285 2336 πις
306 2253 397 2338 ύμῶν
421 2256 527 2332 ἐστιν,
555 2246 583 2322 ὦ
602 2253 797 2342 Ἀθηναῖοι,
826 2252 878 2335 τίς
901 2253 1006 2336 ούτως
1028 2255 1218 2343 ἀλόγιστος,
1248 2255 1300 2336 τίς

223 2356 347 2448 <ούτω>
374 2362 439 2426 τῶν
466 2364 755 2446 προγεγενημένων
782 2361 837 2426 καί
866 2367 922 2426 νῦν
951 2359 1169 2447 ἰνεστηκότων
1192 2383 1300 2445 πραγ·

224 2463 338 2547 μάτων
361 2461 510 2547 ἀπειρος,
535 2459 655 2541 δστις
678 2460 805 2543 ἐλπίζει
825 2461 884 2530 τόν
906 2462 940 2530 ἰκ
961 2461 1123 2550 τοσαύτης
1145 2460 1301 2546 εὐδαιμο-

225 2574 298 2645 νίας
327 2566 374 2645 εἰς
403 2564 566 2652 τοσαύτην
589 2562 726 2643 ἀδοξίαν
756 2563 1007 2652 καταστήσαντα
1035 2566 1093 2652 τὴν
1122 2563 1222 2631 πόλιν
1249 2558 1296 2632 δι’

225 2664 467 2756 ἡντιναδήποτε
495 2668 605 2735 αἰτίαν
633 2660 655 2756 ἢ
684 2666 783 2755 τύχην
811 2705 853 2718 -
880 2667 924 2735 ἰῶ
951 2667 1013 2752 γὰρ
1047 2669 1146 2733 τοῦτο
1168 2703 1211 2716 --
1233 2670 1299 2745 νύν,

226 2770 344 2856 ἐπειδὴ
368 2770 454 2854 πρὸς
474 2781 550 2849 ταῖς
572 2767 689 2849 ἀλλοις
715 2768 875 2854 ἀπορίαις
903 2772 957 2837 καί
986 2781 1058 2849 τοῖς
1086 2770 1301 2857 περιεστηκό-

227 2898 280 2942 σιν
302 2869 389 2962 ἦμᾶς
410 2872 573 2951 κινδύνοις
601 2873 657 2939 καί
683 2869 702 2959 ἦ
734 2876 800 2940 τῶν
823 2871 860 2952 ἐξ
880 2870 981 2962 αὐτῆς
1001 2876 1060 2958 τῆς
1081 2874 1213 2951 πόλεως
1235 2874 1301 2939 δω·

226 2973 362 3063 ροδοκία
385 2980 595 3059 προσγέγονε,
618 2976 672 3040 καλ
696 2977 774 3058 περὶ
794 2973 930 3059 αἰσχρᾶς
945 2973 1054 3053 αἰτίας
1067 2978 1161 3064 κοινῇ
1177 2972 1300 3055 πάντες

226 3077 461 3165 ἀγωνιζόμεθα
483 3079 536 3144 καί
560 3077 720 3161 περὶτοῦ
741 3078 786 3168 μὴ
810 3079 917 3146 δοκεῖν
939 3080 981 3144 τά
1005 3077 1074 3163 ἰδία
1096 3076 1191 3161 παρά
1211 3102 1299 3146 τισιν

228 3176 307 3247 όντα
328 3181 477 3271 χρήματα
499 3182 592 3268 κοινῇ
615 3179 672 3248 τὸν
696 3182 799 3269 δῆμον
822 3181 926 3265 ἔχειν,
956 3186 1133 3267 τηνικαῦτα
1156 3187 1301 3264 συμβου-

296 3456 312 3507 6
333 3447 400 3520 μηδ’
420 3455 470 3505 ἕνα
492 3454 523 3508 N.
546 3483 581 3494 -
599 3453 642 3520 01,
660 3457 676 3508 2
699 3447 891 3508 ούδεπάποτεε
913 3467 978 3505 corr.
996 3451 1094 3506 Wurm.
1116 3480 1149 3492 -
1173 3455 1189 3505 3
1208 3449 1301 3507 πάντα

226 3523 249 3575 N
266 3552 300 3562 -
319 3517 432 3608 γεύδεσι
450 3521 481 3574 N.
505 3551 539 3562 -
562 3525 580 3575 4
596 3519 694 3576 τούτου
711 3527 756 3574 καί
773 3541 856 3589 μνημ.
874 3521 905 3574 N.
927 3549 961 3560 -
983 3525 998 3574 ’ί
1017 3517 1101 3575 πλέον
1117 3523 1152 3573 Δί
1170 3550 1203 3559 -
1220 3515 1252 3572 ού
1269 3519 1302 3574 Ν.

226 3620 259 3629 -
279 3594 293 3645 8
313 3611 350 3644 αν
367 3590 424 3643 add.
443 3588 551 3653 Βελλτει,
570 3607 620 3646 om.
640 3597 658 3654 t,
676 3589 716 3654 εἴη
735 3591 786 3644 δελ.
803 3590 897 3656 Baiter,
918 3592 1064 3660 στερκτέον
1081 3590 1127 3642 ἐπί
1144 3591 1200 3641 τοῖτ
1217 3589 1301 3642 Βλεεε.

226 3688 259 3697 -
282 3660 329 3727 92,
348 3663 363 3713 2
386 3654 419 3710 δέ
434 3677 461 3710 τι
479 3657 572 3711 Baiter.
590 3689 625 3699 -
643 3662 658 3712 3
675 3657 729 3726 τὴν
746 3659 772 3712 in
789 3674 877 3711 rasura
894 3658 930 3711 Νι
947 3687 981 3697 -
999 3662 1016 3712 4
1033 3660 1211 3727 προσπτύσαι
1236 3671 1301 3709 corr.

226 3726 305 3780 wolf.
324 3758 357 3767 —
376 3730 392 3781 6
410 3724 506 3796 (τοδε)
522 3723 620 3779 τούτου
637 3726 710 3780 Turr.
735 3757 767 3766 -
792 3730 807 3781 8
825 3727 885 3779 τῶν
902 3729 993 3798 ίργων
1010 3728 1055 3778 καὶ
1072 3725 1132 3778 τάν
1149 3721 1241 3795 λόγων
1257 3724 1300 3777 Aa.

226 3824 260 3833 —
278 3794 324 3859 93,
343 3799 358 3848 2
376 3781 453 3848 οὗτοι
469 3796 492 3846 Α
510 3810 560 3861 pn,
583 3811 647 3850 corr.
665 3797 709 3848 Αἱ.
726 3825 760 3835 -
777 3798 793 3848 3
811 3788 884 3848 οὕτω
902 3795 961 3849 add.
978 3795 1118 3857 Νεείτοετ,
1136 3809 1186 3846 om.
1204 3798 1222 3857 ί,
1240 3796 1301 3845 τελε

226 3859 336 3935 ἄπειροι
353 3863 485 3916 addiderat
504 3861 576 3915 wolf
599 3891 630 3900 —
656 3864 715 3916 fort.
733 3866 780 3916 καί
796 3864 888 3933 (τῶν)
906 3865 965 3918 νῦν.
988 3891 1023 3901 -
1045 3863 1063 3913 4
1083 3866 1138 3913 τίει
1160 3876 1224 3914 εστι.
1242 3859 1301 3914 Αλδ.

225 3960 259 3971 -
284 3931 398 3986 dadino
415 3933 468 3986 νῦν
490 3960 524 3971 -
547 3927 654 3992 dandi:
679 3947 744 3986 corr.
761 3932 887 3987 Gebauer.
909 3961 942 3972 -
965 3935 980 3986 8
1004 3921 1073 3998 ύμᾶτ
1089 3930 1121 3985 Α.
1137 3957 1171 3968 -
1190 3931 1222 3983 10
1243 3923 1302 3982 ίδια

226 3999 273 4054 ΝΑ
291 4015 343 4070 ρει
362 4015 424 4054 corr.
442 4000 486 4054 λ’.

19 4366 358 4518 Α..
