<?xml version="1.0" encoding="UTF-8"?>
<!DOCTYPE html PUBLIC "-//W3C//DTD XHTML 1.0 Transitional//EN"
    "http://www.w3.org/TR/xhtml1/DTD/xhtml1-transitional.dtd">
<html xmlns="http://www.w3.org/1999/xhtml" xml:lang="en" lang="en">
 <head>
  <title>
</title>
<meta http-equiv="Content-Type" content="text/html;charset=utf-8" />
  <meta name='ocr-system' content='tesseract 3.04.00' />
  <meta name='ocr-capabilities' content='ocr_page ocr_carea ocr_par ocr_line ocrx_word'/>
</head>
<body>
  <div class='ocr_page' id='page_1' title='image "./dinarchioration03dinagoog_0015.png"; bbox 0 0 2882 4554; ppageno 0'>
   <div class='ocr_carea' id='block_1_1' title="bbox 211 228 837 286">
    <p class='ocr_par' dir='ltr' id='par_1_1' title="bbox 211 228 837 286">
     <span class='ocr_line' id='line_1_1' title="bbox 211 228 837 286; baseline 0.011 -10"><span class='ocrx_word' id='word_1_1' title='bbox 211 228 230 286; x_wconf 83' lang='lat'>2</span> <span class='ocrx_word' id='word_1_2' title='bbox 655 230 837 283; x_wconf 75' lang='grc' dir='ltr'><strong>ΔΕΙΝᾹΡΧΟΥ</strong></span> 
     </span>
    </p>
   </div>
   <div class='ocr_carea' id='block_1_2' title="bbox 152 385 1282 3350">
    <p class='ocr_par' dir='ltr' id='par_1_2' title="bbox 152 385 1282 3350">
     <span class='ocr_line' id='line_1_2' title="bbox 210 385 1281 490; baseline 0.002 -26"><span class='ocrx_word' id='word_1_3' title='bbox 210 398 294 465; x_wconf 82' lang='grc' dir='ltr'><strong><em>ποτὲ</em></strong></span> <span class='ocrx_word' id='word_1_4' title='bbox 313 385 455 484; x_wconf 58' lang='grc' dir='ltr'><strong><em>’γνώμην</em></strong></span> <span class='ocrx_word' id='word_1_5' title='bbox 485 397 571 478; x_wconf 72' lang='grc' dir='ltr'><strong><em>ἕξετε</em></strong></span> <span class='ocrx_word' id='word_1_6' title='bbox 598 397 677 482; x_wconf 83' lang='grc' dir='ltr'><strong><em>περὶ</em></strong></span> <span class='ocrx_word' id='word_1_7' title='bbox 704 405 770 464; x_wconf 81' lang='grc' dir='ltr'><strong><em>τῶν</em></strong></span> <span class='ocrx_word' id='word_1_8' title='bbox 799 401 840 490; x_wconf 80' lang='grc' dir='ltr'><strong><em>τῇ</em></strong></span> <span class='ocrx_word' id='word_1_9' title='bbox 869 397 1008 483; x_wconf 90' lang='grc' dir='ltr'><strong><em>πατρίδι</em></strong></span> <span class='ocrx_word' id='word_1_10' title='bbox 1036 399 1281 485; x_wconf 82' lang='grc' dir='ltr'><strong><em>συμφερόντων,</em></strong></span> 
     </span>
     <span class='ocr_line' id='line_1_3' title="bbox 209 497 1282 588; baseline 0.002 -22"><span class='ocrx_word' id='word_1_11' title='bbox 209 502 263 566; x_wconf 81' lang='grc' dir='ltr'><strong><em>καὶ</em></strong></span> <span class='ocrx_word' id='word_1_12' title='bbox 292 499 434 583; x_wconf 87' lang='grc' dir='ltr'><strong><em>πότερον</em></strong></span> <span class='ocrx_word' id='word_1_13' title='bbox 464 498 523 577; x_wconf 87' lang='grc' dir='ltr'><strong><em>τάς</em></strong></span> <span class='ocrx_word' id='word_1_14' title='bbox 554 497 640 578; x_wconf 76' lang='grc' dir='ltr'><strong><em>ἰδίας</em></strong></span> <span class='ocrx_word' id='word_1_15' title='bbox 669 499 793 567; x_wconf 87' lang='grc' dir='ltr'><strong><em>τούτων</em></strong></span> <span class='ocrx_word' id='word_1_16' title='bbox 821 501 1023 587; x_wconf 80' lang='grc' dir='ltr'><strong><em>δωροδοκίας</em></strong></span> <span class='ocrx_word' id='word_1_17' title='bbox 1044 504 1097 568; x_wconf 84' lang='grc' dir='ltr'><strong><em>καί</em></strong></span> <span class='ocrx_word' id='word_1_18' title='bbox 1121 509 1282 588; x_wconf 77' lang='grc' dir='ltr'><strong><em>πονηρίας</em></strong></span> 
     </span>
     <span class='ocr_line' id='line_1_4' title="bbox 210 597 1280 690; baseline 0.002 -21"><span class='ocrx_word' id='word_1_19' title='bbox 210 601 440 682; x_wconf 74' lang='grc' dir='ltr'><strong><em>ἀναδέξεσθε</em></strong></span> <span class='ocrx_word' id='word_1_20' title='bbox 463 602 509 680; x_wconf 82' lang='grc' dir='ltr'><strong><em>εἰς</em></strong></span> <span class='ocrx_word' id='word_1_21' title='bbox 532 597 616 684; x_wconf 85' lang='grc' dir='ltr'><strong><em>ὑμᾶς</em></strong></span> <span class='ocrx_word' id='word_1_22' title='bbox 639 599 770 683; x_wconf 80' lang='grc' dir='ltr'><strong><em>αὑτούς,</em></strong></span> <span class='ocrx_word' id='word_1_23' title='bbox 802 598 823 688; x_wconf 87' lang='grc' dir='ltr'><strong><em>ή</em></strong></span> <span class='ocrx_word' id='word_1_24' title='bbox 851 603 993 690; x_wconf 87' lang='grc' dir='ltr'><strong><em>φανερὸν</em></strong></span> <span class='ocrx_word' id='word_1_25' title='bbox 1020 606 1125 671; x_wconf 84' lang='grc' dir='ltr'><strong><em>πᾶσιν</em></strong></span> <span class='ocrx_word' id='word_1_26' title='bbox 1147 600 1280 689; x_wconf 88' lang='grc' dir='ltr'><strong><em>ἀνθρώ-</em></strong></span> 
     </span>
     <span class='ocr_line' id='line_1_5' title="bbox 209 701 1281 794; baseline 0.004 -25"><span class='ocrx_word' id='word_1_27' title='bbox 209 727 289 781; x_wconf 90' lang='grc' dir='ltr'><strong><em>ποις</em></strong></span> <span class='ocrx_word' id='word_1_28' title='bbox 319 703 479 790; x_wconf 86' lang='grc' dir='ltr'><strong><em>ποιήσετε</em></strong></span> <span class='ocrx_word' id='word_1_29' title='bbox 509 701 597 769; x_wconf 89' lang='grc' dir='ltr'><strong><em>διότι</em></strong></span> <span class='ocrx_word' id='word_1_30' title='bbox 624 713 753 785; x_wconf 79' lang='grc' dir='ltr'><strong><em>μισεῖτε</em></strong></span> <span class='ocrx_word' id='word_1_31' title='bbox 787 703 864 782; x_wconf 85' lang='grc' dir='ltr'><strong><em>τοὺς</em></strong></span> <span class='ocrx_word' id='word_1_32' title='bbox 899 706 982 771; x_wconf 85' lang='grc' dir='ltr'><strong><em>κατὰ</em></strong></span> <span class='ocrx_word' id='word_1_33' title='bbox 1017 713 1074 794; x_wconf 88' lang='grc' dir='ltr'><strong><em>τής</em></strong></span> <span class='ocrx_word' id='word_1_34' title='bbox 1108 708 1281 784; x_wconf 77' lang='grc' dir='ltr'><strong><em>πολιτείας</em></strong></span> 
     </span>
     <span class='ocr_line' id='line_1_6' title="bbox 209 800 1280 894; baseline 0.005 -24"><span class='ocrx_word' id='word_1_35' title='bbox 209 806 300 892; x_wconf 79' lang='grc' dir='ltr'><strong><em>δῶρα</em></strong></span> <span class='ocrx_word' id='word_1_36' title='bbox 322 804 557 890; x_wconf 87' lang='grc' dir='ltr'><strong><em>λαμβάνοντας,</em></strong></span> <span class='ocrx_word' id='word_1_37' title='bbox 582 803 637 871; x_wconf 86' lang='grc' dir='ltr'><strong><em>καὶ</em></strong></span> <span class='ocrx_word' id='word_1_38' title='bbox 660 800 716 888; x_wconf 80' lang='grc' dir='ltr'><strong><em>οὐχ</em></strong></span> <span class='ocrx_word' id='word_1_39' title='bbox 739 803 786 870; x_wconf 76' lang='grc' dir='ltr'><strong><em>ἵν’</em></strong></span> <span class='ocrx_word' id='word_1_40' title='bbox 805 801 913 894; x_wconf 89' lang='grc' dir='ltr'><strong><em>ἀφήτε</em></strong></span> <span class='ocrx_word' id='word_1_41' title='bbox 933 807 1037 892; x_wconf 86' lang='grc' dir='ltr'><strong><em>ζητεῖν</em></strong></span> <span class='ocrx_word' id='word_1_42' title='bbox 1053 808 1280 891; x_wconf 83' lang='grc' dir='ltr'><strong><em>προσετάξατε</em></strong></span> 
     </span>
     <span class='ocr_line' id='line_1_7' title="bbox 208 901 1280 997; baseline 0.001 -23"><span class='ocrx_word' id='word_1_43' title='bbox 208 910 247 993; x_wconf 86' lang='grc' dir='ltr'><strong><em>τῇ</em></strong></span> <span class='ocrx_word' id='word_1_44' title='bbox 270 907 303 982; x_wconf 77' lang='grc' dir='ltr'><strong><em>ἐξ</em></strong></span> <span class='ocrx_word' id='word_1_45' title='bbox 327 901 457 991; x_wconf 79' lang='grc' dir='ltr'><strong><em>Ἀρείου</em></strong></span> <span class='ocrx_word' id='word_1_46' title='bbox 480 907 588 992; x_wconf 77' lang='grc' dir='ltr'><strong><em>πάγου</em></strong></span> <span class='ocrx_word' id='word_1_47' title='bbox 610 908 731 995; x_wconf 83' lang='grc' dir='ltr'><strong><em>βουλή,</em></strong></span> <span class='ocrx_word' id='word_1_48' title='bbox 759 902 834 974; x_wconf 83' lang='grc' dir='ltr'><strong><em>ἀλλ’</em></strong></span> <span class='ocrx_word' id='word_1_49' title='bbox 859 908 914 974; x_wconf 80' lang='grc' dir='ltr'><strong><em>ἵνα</em></strong></span> <span class='ocrx_word' id='word_1_50' title='bbox 937 907 1181 997; x_wconf 81' lang='grc' dir='ltr'><strong><em>ἀποφηνάντων</em></strong></span> <span class='ocrx_word' id='word_1_51' title='bbox 1204 910 1280 976; x_wconf 87' lang='grc' dir='ltr'><strong><em>τοά-</em></strong></span> 
     </span>
     <span class='ocr_line' id='line_1_8' title="bbox 173 1003 1279 1098; baseline 0.002 -22"><span class='ocrx_word' id='word_1_52' title='bbox 173 1017 274 1076; x_wconf 84' lang='grc' dir='ltr'><strong><em>4των</em></strong></span> <span class='ocrx_word' id='word_1_53' title='bbox 297 1004 389 1092; x_wconf 88' lang='grc' dir='ltr'><strong><em>ὑμεῖς</em></strong></span> <span class='ocrx_word' id='word_1_54' title='bbox 411 1009 648 1098; x_wconf 79' lang='grc' dir='ltr'><strong><em>τιμωρήσησθε</em></strong></span> <span class='ocrx_word' id='word_1_55' title='bbox 669 1012 734 1095; x_wconf 86' lang='grc' dir='ltr'><strong><em>τῶν</em></strong></span> <span class='ocrx_word' id='word_1_56' title='bbox 752 1003 960 1094; x_wconf 79' lang='grc' dir='ltr'><strong><em>ἀδικημάτων</em></strong></span> <span class='ocrx_word' id='word_1_57' title='bbox 977 1007 1085 1092; x_wconf 86' lang='grc' dir='ltr'><strong><em>ἀξίως.</em></strong></span> <span class='ocrx_word' id='word_1_58' title='bbox 1124 1016 1193 1078; x_wconf 86' lang='grc' dir='ltr'><strong><em>νυνί</em></strong></span> <span class='ocrx_word' id='word_1_59' title='bbox 1209 1019 1279 1078; x_wconf 86' lang='grc' dir='ltr'><strong><em>τοί-</em></strong></span> 
     </span>
     <span class='ocr_line' id='line_1_9' title="bbox 207 1105 1278 1201; baseline 0.002 -23"><span class='ocrx_word' id='word_1_60' title='bbox 207 1137 262 1178; x_wconf 87' lang='grc' dir='ltr'><strong><em>νυν</em></strong></span> <span class='ocrx_word' id='word_1_61' title='bbox 285 1113 381 1178; x_wconf 77' lang='grc' dir='ltr'><strong><em>τοῦτο</em></strong></span> <span class='ocrx_word' id='word_1_62' title='bbox 410 1105 466 1197; x_wconf 70' lang='grc' dir='ltr'><strong><em>ἐφ’</em></strong></span> <span class='ocrx_word' id='word_1_63' title='bbox 498 1108 574 1195; x_wconf 84' lang='grc' dir='ltr'><strong><em>ὑμῖν</em></strong></span> <span class='ocrx_word' id='word_1_64' title='bbox 608 1111 687 1178; x_wconf 78' lang='grc' dir='ltr'><strong><em>ἐστι.</em></strong></span> <span class='ocrx_word' id='word_1_65' title='bbox 735 1119 971 1198; x_wconf 84' lang='grc' dir='ltr'><strong><em>ψηφισαμένου</em></strong></span> <span class='ocrx_word' id='word_1_66' title='bbox 1001 1113 1061 1198; x_wconf 78' lang='grc' dir='ltr'><strong><em>γὰρ</em></strong></span> <span class='ocrx_word' id='word_1_67' title='bbox 1091 1122 1151 1180; x_wconf 84' lang='grc' dir='ltr'><strong><em>τοῦ</em></strong></span> <span class='ocrx_word' id='word_1_68' title='bbox 1174 1113 1278 1201; x_wconf 86' lang='grc' dir='ltr'><strong><em>δήμου</em></strong></span> 
     </span>
     <span class='ocr_line' id='line_1_10' title="bbox 207 1209 1277 1302; baseline 0.004 -24"><span class='ocrx_word' id='word_1_69' title='bbox 207 1214 333 1280; x_wconf 91' lang='grc' dir='ltr'><strong><em>δίκαιον</em></strong></span> <span class='ocrx_word' id='word_1_70' title='bbox 357 1209 535 1302; x_wconf 81' lang='grc' dir='ltr'><strong><em>ψήφισμα,</em></strong></span> <span class='ocrx_word' id='word_1_71' title='bbox 566 1213 622 1280; x_wconf 81' lang='grc' dir='ltr'><strong><em>καλ</em></strong></span> <span class='ocrx_word' id='word_1_72' title='bbox 649 1212 783 1281; x_wconf 90' lang='grc' dir='ltr'><strong><em>πάντων</em></strong></span> <span class='ocrx_word' id='word_1_73' title='bbox 812 1218 878 1280; x_wconf 83' lang='grc' dir='ltr'><strong><em>τῶν</em></strong></span> <span class='ocrx_word' id='word_1_74' title='bbox 901 1217 1047 1282; x_wconf 81' lang='grc' dir='ltr'><strong><em>πολιτῶν</em></strong></span> <span class='ocrx_word' id='word_1_75' title='bbox 1069 1217 1277 1301; x_wconf 78' lang='grc' dir='ltr'><strong><em>βουλομένων</em></strong></span> 
     </span>
     <span class='ocr_line' id='line_1_11' title="bbox 207 1310 1278 1408; baseline 0.002 -26"><span class='ocrx_word' id='word_1_76' title='bbox 207 1310 312 1399; x_wconf 88' lang='grc' dir='ltr'><strong><em>εὑρεῖν</em></strong></span> <span class='ocrx_word' id='word_1_77' title='bbox 339 1322 425 1394; x_wconf 87' lang='grc' dir='ltr'><strong><em>τίνες</em></strong></span> <span class='ocrx_word' id='word_1_78' title='bbox 455 1316 518 1382; x_wconf 83' lang='grc' dir='ltr'><strong><em>εἰσὶ</em></strong></span> <span class='ocrx_word' id='word_1_79' title='bbox 548 1318 613 1381; x_wconf 85' lang='grc' dir='ltr'><strong><em>τῶν</em></strong></span> <span class='ocrx_word' id='word_1_80' title='bbox 643 1315 789 1402; x_wconf 85' lang='grc' dir='ltr'><strong><em>ῥητόρων</em></strong></span> <span class='ocrx_word' id='word_1_81' title='bbox 820 1317 852 1382; x_wconf 84' lang='grc' dir='ltr'><strong><em>οἱ</em></strong></span> <span class='ocrx_word' id='word_1_82' title='bbox 880 1317 1101 1408; x_wconf 87' lang='grc' dir='ltr'><strong><em>τολμήσαντες</em></strong></span> <span class='ocrx_word' id='word_1_83' title='bbox 1123 1317 1179 1386; x_wconf 75' lang='grc' dir='ltr'><strong><em>ἐπὶ</em></strong></span> <span class='ocrx_word' id='word_1_84' title='bbox 1204 1320 1278 1385; x_wconf 89' lang='grc' dir='ltr'><strong><em>δια-</em></strong></span> 
     </span>
     <span class='ocr_line' id='line_1_12' title="bbox 205 1416 1276 1506; baseline 0.003 -23"><span class='ocrx_word' id='word_1_85' title='bbox 205 1419 287 1503; x_wconf 85' lang='grc' dir='ltr'><strong><em>βολή</em></strong></span> <span class='ocrx_word' id='word_1_86' title='bbox 316 1419 369 1484; x_wconf 84' lang='grc' dir='ltr'><strong><em>καὶ</em></strong></span> <span class='ocrx_word' id='word_1_87' title='bbox 399 1416 536 1503; x_wconf 84' lang='grc' dir='ltr'><strong><em>κινδάνφ</em></strong></span> <span class='ocrx_word' id='word_1_88' title='bbox 565 1419 622 1504; x_wconf 79' lang='grc' dir='ltr'><strong><em>τῆς</em></strong></span> <span class='ocrx_word' id='word_1_89' title='bbox 652 1416 781 1495; x_wconf 89' lang='grc' dir='ltr'><strong><em>πόλεως</em></strong></span> <span class='ocrx_word' id='word_1_90' title='bbox 810 1418 962 1506; x_wconf 88' lang='grc' dir='ltr'><strong><em>χρήματα</em></strong></span> <span class='ocrx_word' id='word_1_91' title='bbox 990 1419 1083 1505; x_wconf 86' lang='grc' dir='ltr'><strong><em>παρὰ</em></strong></span> <span class='ocrx_word' id='word_1_92' title='bbox 1105 1418 1276 1506; x_wconf 83' lang='grc' dir='ltr'><strong><em>Ἁρπάλου</em></strong></span> 
     </span>
     <span class='ocr_line' id='line_1_13' title="bbox 207 1513 1278 1612; baseline 0.005 -27"><span class='ocrx_word' id='word_1_93' title='bbox 207 1523 328 1606; x_wconf 88' lang='grc' dir='ltr'><strong><em>λαβεῖν,</em></strong></span> <span class='ocrx_word' id='word_1_94' title='bbox 352 1519 408 1588; x_wconf 91' lang='grc' dir='ltr'><strong><em>καί</em></strong></span> <span class='ocrx_word' id='word_1_95' title='bbox 429 1521 515 1604; x_wconf 87' lang='grc' dir='ltr'><strong><em>πρὸς</em></strong></span> <span class='ocrx_word' id='word_1_96' title='bbox 531 1518 660 1599; x_wconf 87' lang='grc' dir='ltr'><strong><em>τοάτοις</em></strong></span> <span class='ocrx_word' id='word_1_97' title='bbox 684 1520 860 1608; x_wconf 82' lang='grc' dir='ltr'><strong><em>[ψήφισμά</em></strong></span> <span class='ocrx_word' id='word_1_98' title='bbox 874 1521 920 1608; x_wconf 86' lang='grc' dir='ltr'><strong><em>τι]</em></strong></span> <span class='ocrx_word' id='word_1_99' title='bbox 942 1524 1142 1609; x_wconf 78' lang='grc' dir='ltr'><strong><em>γράψαντος,</em></strong></span> <span class='ocrx_word' id='word_1_100' title='bbox 1168 1513 1278 1612; x_wconf 81' lang='grc' dir='ltr'><strong><em>ὦΔη-</em></strong></span> 
     </span>
     <span class='ocr_line' id='line_1_14' title="bbox 206 1621 1276 1715; baseline 0.004 -27"><span class='ocrx_word' id='word_1_101' title='bbox 206 1621 380 1707; x_wconf 88' lang='grc' dir='ltr'><strong><em>μάσθενες,</em></strong></span> <span class='ocrx_word' id='word_1_102' title='bbox 405 1631 466 1690; x_wconf 84' lang='grc' dir='ltr'><strong><em>σοῦ</em></strong></span> <span class='ocrx_word' id='word_1_103' title='bbox 488 1626 541 1689; x_wconf 84' lang='grc' dir='ltr'><strong><em>καὶ</em></strong></span> <span class='ocrx_word' id='word_1_104' title='bbox 564 1621 682 1707; x_wconf 77' lang='grc' dir='ltr'><strong><em>ἑτέρων</em></strong></span> <span class='ocrx_word' id='word_1_105' title='bbox 698 1623 841 1703; x_wconf 83' lang='grc' dir='ltr'><strong><em>πολλῶν,</em></strong></span> <span class='ocrx_word' id='word_1_106' title='bbox 867 1624 971 1710; x_wconf 85' lang='grc' dir='ltr'><strong><em>ζητεῖν</em></strong></span> <span class='ocrx_word' id='word_1_107' title='bbox 987 1626 1045 1715; x_wconf 90' lang='grc' dir='ltr'><strong><em>τήν</em></strong></span> <span class='ocrx_word' id='word_1_108' title='bbox 1061 1625 1183 1714; x_wconf 86' lang='grc' dir='ltr'><strong><em>βουλήν</em></strong></span> <span class='ocrx_word' id='word_1_109' title='bbox 1200 1629 1276 1710; x_wconf 84' lang='grc' dir='ltr'><strong><em>περὶ</em></strong></span> 
     </span>
     <span class='ocr_line' id='line_1_15' title="bbox 206 1720 1278 1814; baseline 0.003 -24"><span class='ocrx_word' id='word_1_110' title='bbox 206 1721 329 1804; x_wconf 75' lang='grc' dir='ltr'><strong><em>αὐτῶν,</em></strong></span> <span class='ocrx_word' id='word_1_111' title='bbox 361 1720 405 1802; x_wconf 78' lang='grc' dir='ltr'><strong><em>ὥς</em></strong></span> <span class='ocrx_word' id='word_1_112' title='bbox 433 1721 515 1810; x_wconf 85' lang='grc' dir='ltr'><strong><em>αδτῇ</em></strong></span> <span class='ocrx_word' id='word_1_113' title='bbox 538 1721 680 1808; x_wconf 89' lang='grc' dir='ltr'><strong><em>πάτριόν</em></strong></span> <span class='ocrx_word' id='word_1_114' title='bbox 704 1723 808 1806; x_wconf 77' lang='grc' dir='ltr'><strong><em>ἔστιν,</em></strong></span> <span class='ocrx_word' id='word_1_115' title='bbox 839 1725 871 1792; x_wconf 83' lang='grc' dir='ltr'><strong><em>εί</em></strong></span> <span class='ocrx_word' id='word_1_116' title='bbox 898 1751 983 1804; x_wconf 90' lang='grc' dir='ltr'><strong><em>τινες</em></strong></span> <span class='ocrx_word' id='word_1_117' title='bbox 1007 1725 1163 1814; x_wconf 82' lang='grc' dir='ltr'><strong><em>εἰλήφασι</em></strong></span> <span class='ocrx_word' id='word_1_118' title='bbox 1185 1728 1278 1811; x_wconf 88' lang='grc' dir='ltr'><strong><em>παρὰ</em></strong></span> 
     </span>
     <span class='ocr_line' id='line_1_16' title="bbox 173 1821 1276 1918; baseline 0.001 -24"><span class='ocrx_word' id='word_1_119' title='bbox 173 1821 373 1911; x_wconf 84' lang='grc' dir='ltr'><strong><em>5Ἁρπάλσυ</em></strong></span> <span class='ocrx_word' id='word_1_120' title='bbox 395 1833 539 1918; x_wconf 85' lang='grc' dir='ltr'><strong><em>χρυσίον,</em></strong></span> <span class='ocrx_word' id='word_1_121' title='bbox 562 1828 650 1913; x_wconf 88' lang='grc' dir='ltr'><strong><em>ζητεῖ</em></strong></span> <span class='ocrx_word' id='word_1_122' title='bbox 667 1822 685 1914; x_wconf 90' lang='grc' dir='ltr'><strong><em>ή</em></strong></span> <span class='ocrx_word' id='word_1_123' title='bbox 702 1826 816 1914; x_wconf 90' lang='grc' dir='ltr'><strong><em>βουλή,</em></strong></span> <span class='ocrx_word' id='word_1_124' title='bbox 840 1824 899 1894; x_wconf 81' lang='grc' dir='ltr'><strong><em>οὑκ</em></strong></span> <span class='ocrx_word' id='word_1_125' title='bbox 921 1827 955 1894; x_wconf 80' lang='grc' dir='ltr'><strong><em>ἐκ</em></strong></span> <span class='ocrx_word' id='word_1_126' title='bbox 975 1836 1041 1894; x_wconf 85' lang='grc' dir='ltr'><strong><em>τοῖν</em></strong></span> <span class='ocrx_word' id='word_1_127' title='bbox 1064 1827 1276 1913; x_wconf 85' lang='grc' dir='ltr'><strong><em>προκλήσεων</em></strong></span> 
     </span>
     <span class='ocr_line' id='line_1_17' title="bbox 204 1924 1276 2018; baseline 0.003 -24"><span class='ocrx_word' id='word_1_128' title='bbox 204 1935 364 2013; x_wconf 85' lang='grc' dir='ltr'><strong><em>μαθοῦσα</em></strong></span> <span class='ocrx_word' id='word_1_129' title='bbox 386 1929 424 1995; x_wconf 87' lang='grc' dir='ltr'><strong><em>τὸ</em></strong></span> <span class='ocrx_word' id='word_1_130' title='bbox 448 1930 591 2010; x_wconf 88' lang='grc' dir='ltr'><strong><em>δίκαιον,</em></strong></span> <span class='ocrx_word' id='word_1_131' title='bbox 623 1924 699 1997; x_wconf 80' lang='grc' dir='ltr'><strong><em>οὑδὲ</em></strong></span> <span class='ocrx_word' id='word_1_132' title='bbox 726 1929 786 2016; x_wconf 87' lang='grc' dir='ltr'><strong><em>τήν</em></strong></span> <span class='ocrx_word' id='word_1_133' title='bbox 817 1926 1056 2016; x_wconf 80' lang='grc' dir='ltr'><strong><em>ἀλήθειανκαὶ</em></strong></span> <span class='ocrx_word' id='word_1_134' title='bbox 1079 1931 1138 2018; x_wconf 88' lang='grc' dir='ltr'><strong><em>τήν</em></strong></span> <span class='ocrx_word' id='word_1_135' title='bbox 1162 1937 1276 1997; x_wconf 89' lang='grc' dir='ltr'><strong><em>πίστιν</em></strong></span> 
     </span>
     <span class='ocr_line' id='line_1_18' title="bbox 205 2027 1276 2120; baseline 0.006 -24"><span class='ocrx_word' id='word_1_136' title='bbox 205 2030 265 2119; x_wconf 92' lang='grc' dir='ltr'><strong><em>τήν</em></strong></span> <span class='ocrx_word' id='word_1_137' title='bbox 289 2031 366 2116; x_wconf 76' lang='grc' dir='ltr'><strong><em>περὶ</em></strong></span> <span class='ocrx_word' id='word_1_138' title='bbox 389 2027 490 2118; x_wconf 87' lang='grc' dir='ltr'><strong><em>αὑτής</em></strong></span> <span class='ocrx_word' id='word_1_139' title='bbox 514 2031 569 2098; x_wconf 81' lang='grc' dir='ltr'><strong><em>ἐπὶ</em></strong></span> <span class='ocrx_word' id='word_1_140' title='bbox 594 2034 654 2098; x_wconf 74' lang='lat' dir='ltr'><strong><em>aot</em></strong></span> <span class='ocrx_word' id='word_1_141' title='bbox 677 2032 860 2099; x_wconf 83' lang='grc' dir='ltr'><strong><em>καταλῦσαι</em></strong></span> <span class='ocrx_word' id='word_1_142' title='bbox 881 2034 1074 2120; x_wconf 80' lang='grc' dir='ltr'><strong><em>βουλομένη,</em></strong></span> <span class='ocrx_word' id='word_1_143' title='bbox 1099 2027 1174 2100; x_wconf 81' lang='grc' dir='ltr'><strong><em>ἀλλ’</em></strong></span> <span class='ocrx_word' id='word_1_144' title='bbox 1194 2029 1276 2117; x_wconf 84' lang='grc' dir='ltr'><strong><em>ὅπερ</em></strong></span> 
     </span>
     <span class='ocr_line' id='line_1_19' title="bbox 204 2129 1275 2225; baseline 0.004 -27"><span class='ocrx_word' id='word_1_145' title='bbox 204 2135 259 2199; x_wconf 83' lang='grc' dir='ltr'><strong><em>καὶ</em></strong></span> <span class='ocrx_word' id='word_1_146' title='bbox 275 2130 369 2203; x_wconf 79' lang='grc' dir='ltr'><strong><em>αὐτοὶ</em></strong></span> <span class='ocrx_word' id='word_1_147' title='bbox 385 2135 417 2202; x_wconf 83' lang='grc' dir='ltr'><strong><em>οῖ</em></strong></span> <span class='ocrx_word' id='word_1_148' title='bbox 430 2134 669 2220; x_wconf 78' lang='grc' dir='ltr'><strong><em>Ἀρεοπαγῖται</em></strong></span> <span class='ocrx_word' id='word_1_149' title='bbox 686 2129 792 2218; x_wconf 85' lang='grc' dir='ltr'><strong><em>είπον,</em></strong></span> <span class='ocrx_word' id='word_1_150' title='bbox 815 2139 997 2220; x_wconf 83' lang='grc' dir='ltr'><strong><em>προορῶσα</em></strong></span> <span class='ocrx_word' id='word_1_151' title='bbox 1012 2135 1106 2224; x_wconf 80' lang='grc' dir='ltr'><strong><em>&lt;μὲν&gt;</em></strong></span> <span class='ocrx_word' id='word_1_152' title='bbox 1126 2132 1146 2225; x_wconf 86' lang='grc' dir='ltr'><strong><em>ή</em></strong></span> <span class='ocrx_word' id='word_1_153' title='bbox 1161 2134 1275 2223; x_wconf 87' lang='grc' dir='ltr'><strong><em>βουλή,</em></strong></span> 
     </span>
     <span class='ocr_line' id='line_1_20' title="bbox 205 2227 1278 2327; baseline 0.002 -25"><span class='ocrx_word' id='word_1_154' title='bbox 205 2227 232 2302; x_wconf 82' lang='grc' dir='ltr'><strong><em>ιά</em></strong></span> <span class='ocrx_word' id='word_1_155' title='bbox 259 2236 389 2321; x_wconf 86' lang='grc' dir='ltr'><strong><em>ἀνδρες,</em></strong></span> <span class='ocrx_word' id='word_1_156' title='bbox 425 2237 484 2327; x_wconf 87' lang='grc' dir='ltr'><strong><em>τήν</em></strong></span> <span class='ocrx_word' id='word_1_157' title='bbox 513 2233 638 2303; x_wconf 76' lang='grc' dir='ltr'><strong><em>τούτων</em></strong></span> <span class='ocrx_word' id='word_1_158' title='bbox 668 2236 757 2320; x_wconf 83' lang='grc' dir='ltr'><strong><em>ἰσχὺν</em></strong></span> <span class='ocrx_word' id='word_1_159' title='bbox 786 2240 839 2303; x_wconf 85' lang='grc' dir='ltr'><strong><em>καλ</em></strong></span> <span class='ocrx_word' id='word_1_160' title='bbox 867 2237 925 2326; x_wconf 86' lang='grc' dir='ltr'><strong><em>τήν</em></strong></span> <span class='ocrx_word' id='word_1_161' title='bbox 954 2237 987 2304; x_wconf 83' lang='grc' dir='ltr'><strong><em>έν</em></strong></span> <span class='ocrx_word' id='word_1_162' title='bbox 1018 2241 1063 2324; x_wconf 81' lang='grc' dir='ltr'><strong><em>τῷ</em></strong></span> <span class='ocrx_word' id='word_1_163' title='bbox 1093 2239 1195 2324; x_wconf 79' lang='grc' dir='ltr'><strong><em>λέγειν</em></strong></span> <span class='ocrx_word' id='word_1_164' title='bbox 1224 2240 1278 2305; x_wconf 85' lang='grc' dir='ltr'><strong><em>καὶ</em></strong></span> 
     </span>
     <span class='ocr_line' id='line_1_21' title="bbox 205 2334 1278 2425; baseline 0 -19"><span class='ocrx_word' id='word_1_165' title='bbox 205 2339 363 2423; x_wconf 86' lang='grc' dir='ltr'><strong><em>πράττειν</em></strong></span> <span class='ocrx_word' id='word_1_166' title='bbox 392 2337 543 2422; x_wconf 78' lang='grc' dir='ltr'><strong><em>δύναμιν,</em></strong></span> <span class='ocrx_word' id='word_1_167' title='bbox 577 2334 634 2406; x_wconf 83' lang='grc' dir='ltr'><strong><em>οὑκ</em></strong></span> <span class='ocrx_word' id='word_1_168' title='bbox 663 2339 795 2425; x_wconf 82' lang='grc' dir='ltr'><strong><em>οίομένη</em></strong></span> <span class='ocrx_word' id='word_1_169' title='bbox 826 2341 861 2407; x_wconf 82' lang='grc' dir='ltr'><strong><em>δὲ</em></strong></span> <span class='ocrx_word' id='word_1_170' title='bbox 885 2342 952 2408; x_wconf 90' lang='grc' dir='ltr'><strong><em>δεῖν</em></strong></span> <span class='ocrx_word' id='word_1_171' title='bbox 976 2338 1131 2425; x_wconf 86' lang='grc' dir='ltr'><strong><em>οάδεμίαν</em></strong></span> <span class='ocrx_word' id='word_1_172' title='bbox 1154 2341 1278 2408; x_wconf 86' lang='grc' dir='ltr'><strong><em>ὑπολο-</em></strong></span> 
     </span>
     <span class='ocr_line' id='line_1_22' title="bbox 203 2437 1277 2530; baseline 0.001 -22"><span class='ocrx_word' id='word_1_173' title='bbox 203 2443 359 2527; x_wconf 81' lang='grc' dir='ltr'><strong><em>γίζεσθαι</em></strong></span> <span class='ocrx_word' id='word_1_174' title='bbox 389 2444 454 2509; x_wconf 82' lang='grc' dir='ltr'><strong><em>τῶν</em></strong></span> <span class='ocrx_word' id='word_1_175' title='bbox 485 2444 561 2526; x_wconf 80' lang='grc' dir='ltr'><strong><em>περὶ</em></strong></span> <span class='ocrx_word' id='word_1_176' title='bbox 591 2437 690 2530; x_wconf 85' lang='grc' dir='ltr'><strong><em>αὑτής</em></strong></span> <span class='ocrx_word' id='word_1_177' title='bbox 720 2442 884 2525; x_wconf 77' lang='grc' dir='ltr'><strong><em>ἐσομένων</em></strong></span> <span class='ocrx_word' id='word_1_178' title='bbox 906 2443 1142 2530; x_wconf 82' lang='grc' dir='ltr'><strong><em>βλασφημιῶν,</em></strong></span> <span class='ocrx_word' id='word_1_179' title='bbox 1175 2443 1206 2510; x_wconf 87' lang='grc' dir='ltr'><strong><em>εῖ</em></strong></span> <span class='ocrx_word' id='word_1_180' title='bbox 1225 2468 1277 2520; x_wconf 91' lang='grc' dir='ltr'><strong><em>τις</em></strong></span> 
     </span>
     <span class='ocr_line' id='line_1_23' title="bbox 203 2542 1276 2634; baseline 0.002 -24"><span class='ocrx_word' id='word_1_181' title='bbox 203 2545 315 2628; x_wconf 86' lang='grc' dir='ltr'><strong><em>μέλλει</em></strong></span> <span class='ocrx_word' id='word_1_182' title='bbox 343 2552 383 2634; x_wconf 81' lang='grc' dir='ltr'><strong><em>τῇ</em></strong></span> <span class='ocrx_word' id='word_1_183' title='bbox 411 2546 551 2628; x_wconf 91' lang='grc' dir='ltr'><strong><em>πατρίδι</em></strong></span> <span class='ocrx_word' id='word_1_184' title='bbox 580 2543 713 2623; x_wconf 77' lang='grc' dir='ltr'><strong><em>αὐτοῖς</em></strong></span> <span class='ocrx_word' id='word_1_185' title='bbox 742 2545 833 2611; x_wconf 80' lang='grc' dir='ltr'><strong><em>αἰτία</em></strong></span> <span class='ocrx_word' id='word_1_186' title='bbox 861 2545 1014 2631; x_wconf 87' lang='grc' dir='ltr'><strong><em>μοχθηρὰ</em></strong></span> <span class='ocrx_word' id='word_1_187' title='bbox 1043 2546 1095 2610; x_wconf 84' lang='grc' dir='ltr'><strong><em>καί</em></strong></span> <span class='ocrx_word' id='word_1_188' title='bbox 1126 2542 1276 2624; x_wconf 90' lang='grc' dir='ltr'><strong><em>κίνδυνος</em></strong></span> 
     </span>
     <span class='ocr_line' id='line_1_24' title="bbox 171 2643 1278 2735; baseline 0.004 -23"><span class='ocrx_word' id='word_1_189' title='bbox 171 2646 358 2714; x_wconf 75' lang='grc' dir='ltr'><strong><em>θέσεσθαι.</em></strong></span> <span class='ocrx_word' id='word_1_190' title='bbox 392 2645 526 2728; x_wconf 78' lang='grc' dir='ltr'><strong><em>τούτων,</em></strong></span> <span class='ocrx_word' id='word_1_191' title='bbox 551 2643 596 2726; x_wconf 82' lang='grc' dir='ltr'><strong><em>ιὺς</em></strong></span> <span class='ocrx_word' id='word_1_192' title='bbox 619 2644 725 2715; x_wconf 78' lang='grc' dir='ltr'><strong><em>ἐδόκει</em></strong></span> <span class='ocrx_word' id='word_1_193' title='bbox 745 2651 792 2734; x_wconf 76' lang='grc' dir='ltr'><strong><em>τῷ</em></strong></span> <span class='ocrx_word' id='word_1_194' title='bbox 817 2644 920 2734; x_wconf 85' lang='grc' dir='ltr'><strong><em>δήμφ,</em></strong></span> <span class='ocrx_word' id='word_1_195' title='bbox 943 2647 1050 2725; x_wconf 81' lang='grc' dir='ltr'><strong><em>καλῶς</em></strong></span> <span class='ocrx_word' id='word_1_196' title='bbox 1072 2648 1127 2714; x_wconf 87' lang='grc' dir='ltr'><strong><em>καὶ</em></strong></span> <span class='ocrx_word' id='word_1_197' title='bbox 1150 2670 1278 2735; x_wconf 90' lang='grc' dir='ltr'><strong><em>συμφε-</em></strong></span> 
     </span>
     <span class='ocr_line' id='line_1_25' title="bbox 204 2747 1278 2837; baseline 0.001 -22"><span class='ocrx_word' id='word_1_198' title='bbox 204 2747 329 2835; x_wconf 90' lang='grc' dir='ltr'><strong><em>ρόντως</em></strong></span> <span class='ocrx_word' id='word_1_199' title='bbox 351 2748 591 2834; x_wconf 78' lang='grc' dir='ltr'><strong><em>πεπραγμένων</em></strong></span> <span class='ocrx_word' id='word_1_200' title='bbox 619 2748 725 2817; x_wconf 81' lang='grc' dir='ltr'><strong><em>αἰτίαι</em></strong></span> <span class='ocrx_word' id='word_1_201' title='bbox 746 2752 802 2816; x_wconf 81' lang='grc' dir='ltr'><strong><em>νῖν</em></strong></span> <span class='ocrx_word' id='word_1_202' title='bbox 831 2752 885 2816; x_wconf 81' lang='grc' dir='ltr'><strong><em>καὶ</em></strong></span> <span class='ocrx_word' id='word_1_203' title='bbox 914 2748 1115 2837; x_wconf 89' lang='grc' dir='ltr'><strong><em>προκλήσεις</em></strong></span> <span class='ocrx_word' id='word_1_204' title='bbox 1143 2753 1196 2817; x_wconf 82' lang='grc' dir='ltr'><strong><em>καὶ</em></strong></span> <span class='ocrx_word' id='word_1_205' title='bbox 1220 2775 1278 2817; x_wconf 81' lang='grc' dir='ltr'><strong><em>συ-</em></strong></span> 
     </span>
     <span class='ocr_line' id='line_1_26' title="bbox 203 2846 1276 2939; baseline 0 -21"><span class='ocrx_word' id='word_1_206' title='bbox 203 2859 381 2938; x_wconf 90' lang='grc' dir='ltr'><strong><em>κοφαντίοι</em></strong></span> <span class='ocrx_word' id='word_1_207' title='bbox 397 2850 490 2936; x_wconf 86' lang='grc' dir='ltr'><strong><em>παρὰ</em></strong></span> <span class='ocrx_word' id='word_1_208' title='bbox 504 2852 744 2936; x_wconf 86' lang='grc' dir='ltr'><strong><em>Δημοσθένους</em></strong></span> <span class='ocrx_word' id='word_1_209' title='bbox 760 2847 905 2939; x_wconf 84' lang='grc' dir='ltr'><strong><em>ήκουσιν,</em></strong></span> <span class='ocrx_word' id='word_1_210' title='bbox 931 2850 1045 2938; x_wconf 80' lang='grc' dir='ltr'><strong><em>ἐπειδή</em></strong></span> <span class='ocrx_word' id='word_1_211' title='bbox 1070 2846 1166 2931; x_wconf 78' lang='grc' dir='ltr'><strong><em>οὗτος</em></strong></span> <span class='ocrx_word' id='word_1_212' title='bbox 1189 2851 1276 2918; x_wconf 93' lang='grc' dir='ltr'><strong><em>ἀπο-</em></strong></span> 
     </span>
     <span class='ocr_line' id='line_1_27' title="bbox 202 2949 1276 3042; baseline 0.003 -23"><span class='ocrx_word' id='word_1_213' title='bbox 202 2953 372 3040; x_wconf 83' lang='grc' dir='ltr'><strong><em>πέφανται</em></strong></span> <span class='ocrx_word' id='word_1_214' title='bbox 409 2953 514 3020; x_wconf 84' lang='grc' dir='ltr'><strong><em>εῖκοσι</em></strong></span> <span class='ocrx_word' id='word_1_215' title='bbox 546 2952 690 3019; x_wconf 89' lang='grc' dir='ltr'><strong><em>τάλαντα</em></strong></span> <span class='ocrx_word' id='word_1_216' title='bbox 721 2954 799 3036; x_wconf 73' lang='grc' dir='ltr'><strong><em>ἔχων</em></strong></span> <span class='ocrx_word' id='word_1_217' title='bbox 827 2952 979 3038; x_wconf 86' lang='grc' dir='ltr'><strong><em>χρυσίου·</em></strong></span> <span class='ocrx_word' id='word_1_218' title='bbox 1012 2957 1066 3022; x_wconf 87' lang='grc' dir='ltr'><strong><em>καλ</em></strong></span> <span class='ocrx_word' id='word_1_219' title='bbox 1096 2949 1116 3042; x_wconf 89' lang='grc' dir='ltr'><strong><em>ή</em></strong></span> <span class='ocrx_word' id='word_1_220' title='bbox 1145 2958 1212 3020; x_wconf 80' lang='grc' dir='ltr'><strong><em>τῶν</em></strong></span> <span class='ocrx_word' id='word_1_221' title='bbox 1242 2955 1276 3022; x_wconf 82' lang='grc' dir='ltr'><strong><em>έκ</em></strong></span> 
     </span>
     <span class='ocr_line' id='line_1_28' title="bbox 202 3042 1276 3145; baseline 0.002 -24"><span class='ocrx_word' id='word_1_222' title='bbox 202 3054 365 3140; x_wconf 88' lang='grc' dir='ltr'><strong><em>προνοίας</em></strong></span> <span class='ocrx_word' id='word_1_223' title='bbox 395 3055 506 3141; x_wconf 89' lang='grc' dir='ltr'><strong><em>φόνων</em></strong></span> <span class='ocrx_word' id='word_1_224' title='bbox 536 3051 732 3135; x_wconf 87' lang='grc' dir='ltr'><strong><em>ἀξιόπιστος</em></strong></span> <span class='ocrx_word' id='word_1_225' title='bbox 761 3042 846 3122; x_wconf 80' lang='grc' dir='ltr'><strong><em>οὖσα</em></strong></span> <span class='ocrx_word' id='word_1_226' title='bbox 873 3055 977 3145; x_wconf 89' lang='grc' dir='ltr'><strong><em>βουλή</em></strong></span> <span class='ocrx_word' id='word_1_227' title='bbox 1005 3056 1044 3121; x_wconf 87' lang='grc' dir='ltr'><strong><em>τὸ</em></strong></span> <span class='ocrx_word' id='word_1_228' title='bbox 1071 3057 1199 3123; x_wconf 89' lang='grc' dir='ltr'><strong><em>δίκαιον</em></strong></span> <span class='ocrx_word' id='word_1_229' title='bbox 1221 3060 1276 3123; x_wconf 79' lang='grc' dir='ltr'><strong><em>καί</em></strong></span> 
     </span>
     <span class='ocr_line' id='line_1_29' title="bbox 152 3152 1276 3245; baseline 0.004 -25"><span class='ocrx_word' id='word_1_230' title='bbox 152 3170 180 3221; x_wconf 84' lang='grc'><strong><em>91</em></strong></span> <span class='ocrx_word' id='word_1_231' title='bbox 203 3152 329 3245; x_wconf 79' lang='grc' dir='ltr'><strong><em>ἀληθές</em></strong></span> <span class='ocrx_word' id='word_1_232' title='bbox 351 3154 471 3244; x_wconf 86' lang='grc' dir='ltr'><strong><em>εὑρεῖν,</em></strong></span> <span class='ocrx_word' id='word_1_233' title='bbox 501 3159 556 3225; x_wconf 80' lang='grc' dir='ltr'><strong><em>καὶ</em></strong></span> <span class='ocrx_word' id='word_1_234' title='bbox 578 3155 673 3244; x_wconf 89' lang='grc' dir='ltr'><strong><em>κυρία</em></strong></span> <span class='ocrx_word' id='word_1_235' title='bbox 696 3159 828 3227; x_wconf 88' lang='grc' dir='ltr'><strong><em>δικάσαι</em></strong></span> <span class='ocrx_word' id='word_1_236' title='bbox 851 3185 887 3226; x_wconf 91' lang='grc' dir='ltr'><strong><em>τε</em></strong></span> <span class='ocrx_word' id='word_1_237' title='bbox 909 3163 986 3243; x_wconf 85' lang='grc' dir='ltr'><strong><em>περὶ</em></strong></span> <span class='ocrx_word' id='word_1_238' title='bbox 1008 3161 1067 3225; x_wconf 83' lang='grc' dir='ltr'><strong><em>τοὺ</em></strong></span> <span class='ocrx_word' id='word_1_239' title='bbox 1092 3161 1098 3244; x_wconf 92' lang='grc' dir='ltr'>Ι</span> <span class='ocrx_word' id='word_1_240' title='bbox 1124 3158 1276 3243; x_wconf 85' lang='grc' dir='ltr'><strong><em>σώματος</em></strong></span> 
     </span>
     <span class='ocr_line' id='line_1_30' title="bbox 204 3260 1274 3350; baseline -0.001 -23"><span class='ocrx_word' id='word_1_241' title='bbox 204 3261 258 3327; x_wconf 80' lang='grc' dir='ltr'><strong><em>καὶ</em></strong></span> <span class='ocrx_word' id='word_1_242' title='bbox 280 3262 337 3348; x_wconf 90' lang='grc' dir='ltr'><strong><em>τής</em></strong></span> <span class='ocrx_word' id='word_1_243' title='bbox 360 3263 468 3350; x_wconf 86' lang='grc' dir='ltr'><strong><em>ψυχής</em></strong></span> <span class='ocrx_word' id='word_1_244' title='bbox 491 3260 629 3328; x_wconf 79' lang='grc' dir='ltr'><strong><em>ἑκάστου</em></strong></span> <span class='ocrx_word' id='word_1_245' title='bbox 651 3264 716 3327; x_wconf 81' lang='grc' dir='ltr'><strong><em>τῶν</em></strong></span> <span class='ocrx_word' id='word_1_246' title='bbox 739 3263 897 3341; x_wconf 78' lang='grc' dir='ltr'><strong><em>πολιτῶν,</em></strong></span> <span class='ocrx_word' id='word_1_247' title='bbox 925 3260 980 3328; x_wconf 78' lang='grc' dir='ltr'><strong><em>καὶ</em></strong></span> <span class='ocrx_word' id='word_1_248' title='bbox 1000 3271 1073 3339; x_wconf 90' lang='grc' dir='ltr'><strong><em>τοῖς</em></strong></span> <span class='ocrx_word' id='word_1_249' title='bbox 1093 3263 1153 3346; x_wconf 82' lang='grc' dir='ltr'><strong><em>μὲν</em></strong></span> <span class='ocrx_word' id='word_1_250' title='bbox 1174 3267 1274 3348; x_wconf 80' lang='grc' dir='ltr'><strong><em>βιαίῳ</em></strong></span> 
     </span>
    </p>
   </div>
   <div class='ocr_carea' id='block_1_3' title="bbox 1437 1129 1443 2208">
    <p class='ocr_par' dir='ltr' id='par_1_3' title="bbox 1437 1129 1443 2208">
     <span class='ocr_line' id='line_1_31' title="bbox 1437 1129 1443 2208; baseline 0 0"><span class='ocrx_word' id='word_1_251' title='bbox 1437 1129 1443 2208; x_wconf 95' lang='lat' dir='ltr'><strong><em> </em></strong></span> 
     </span>
    </p>
   </div>
   <div class='ocr_carea' id='block_1_4' title="bbox 203 3416 406 3426">
    <p class='ocr_par' dir='ltr' id='par_1_4' title="bbox 203 3416 406 3426">
     <span class='ocr_line' id='line_1_32' title="bbox 203 3416 406 3426; baseline -0.01 -1"><span class='ocrx_word' id='word_1_252' title='bbox 203 3416 406 3426; x_wconf 82' lang='grc'>...---</span> 
     </span>
    </p>
   </div>
   <div class='ocr_carea' id='block_1_5' title="bbox 202 3491 1274 4044">
    <p class='ocr_par' dir='ltr' id='par_1_5' title="bbox 202 3491 1274 4044">
     <span class='ocr_line' id='line_1_33' title="bbox 271 3491 1274 3566; baseline 0 -16"><span class='ocrx_word' id='word_1_253' title='bbox 271 3498 298 3563; x_wconf 82' lang='grc'><strong><em>3,</em></strong></span> <span class='ocrx_word' id='word_1_254' title='bbox 317 3500 331 3550; x_wconf 99' lang='grc'><strong>6</strong></span> <span class='ocrx_word' id='word_1_255' title='bbox 350 3491 520 3560; x_wconf 76' lang='grc' dir='ltr'><strong><em>ἀναδέχεσθε</em></strong></span> <span class='ocrx_word' id='word_1_256' title='bbox 537 3495 607 3549; x_wconf 81' lang='lat' dir='ltr'><strong>ANt:</strong></span> <span class='ocrx_word' id='word_1_257' title='bbox 626 3513 690 3551; x_wconf 85' lang='lat' dir='ltr'>corr.</span> <span class='ocrx_word' id='word_1_258' title='bbox 701 3497 855 3566; x_wconf 77' lang='lat' dir='ltr'>Stephanus.</span> <span class='ocrx_word' id='word_1_259' title='bbox 874 3527 906 3536; x_wconf 98' lang='lat'><strong>—</strong></span> <span class='ocrx_word' id='word_1_260' title='bbox 926 3501 940 3552; x_wconf 88' lang='lat'>8</span> <span class='ocrx_word' id='word_1_261' title='bbox 959 3497 1005 3550; x_wconf 82' lang='grc' dir='ltr'><strong><em>ἵνα</em></strong></span> <span class='ocrx_word' id='word_1_262' title='bbox 1017 3499 1049 3553; x_wconf 88' lang='grc' dir='ltr'><strong><em>Ν.</em></strong></span> <span class='ocrx_word' id='word_1_263' title='bbox 1067 3528 1099 3539; x_wconf 93' lang='grc'>-</span> <span class='ocrx_word' id='word_1_264' title='bbox 1116 3499 1172 3561; x_wconf 80' lang='lat'><strong><em>4,2</em></strong></span> <span class='ocrx_word' id='word_1_265' title='bbox 1190 3494 1274 3565; x_wconf 85' lang='grc' dir='ltr'><strong><em>δήμου</em></strong></span> 
     </span>
     <span class='ocr_line' id='line_1_34' title="bbox 203 3561 1274 3636; baseline -0.001 -19"><span class='ocrx_word' id='word_1_266' title='bbox 203 3561 296 3619; x_wconf 65' lang='lat' dir='ltr'>15N2.</span> <span class='ocrx_word' id='word_1_267' title='bbox 317 3595 348 3604; x_wconf 88' lang='lat'><em>-</em></span> <span class='ocrx_word' id='word_1_268' title='bbox 367 3568 381 3618; x_wconf 82' lang='lat'><strong>6</strong></span> <span class='ocrx_word' id='word_1_269' title='bbox 401 3568 557 3634; x_wconf 84' lang='grc' dir='ltr'><strong><em>ψηφίσματι</em></strong></span> <span class='ocrx_word' id='word_1_270' title='bbox 568 3567 591 3615; x_wconf 85' lang='grc' dir='ltr'>Α</span> <span class='ocrx_word' id='word_1_271' title='bbox 604 3582 649 3632; x_wconf 66' lang='lat' dir='ltr'><strong><em>pr„</em></strong></span> <span class='ocrx_word' id='word_1_272' title='bbox 667 3561 796 3636; x_wconf 80' lang='grc' dir='ltr'><strong><em>ψήφισμά</em></strong></span> <span class='ocrx_word' id='word_1_273' title='bbox 807 3585 835 3618; x_wconf 86' lang='grc' dir='ltr'><strong><em>τι</em></strong></span> <span class='ocrx_word' id='word_1_274' title='bbox 852 3566 907 3630; x_wconf 61' lang='grc' dir='ltr'><strong><em>Αλί,</em></strong></span> <span class='ocrx_word' id='word_1_275' title='bbox 924 3563 1067 3636; x_wconf 81' lang='grc' dir='ltr'><strong><em>φή......</em></strong></span> <span class='ocrx_word' id='word_1_276' title='bbox 1085 3567 1167 3633; x_wconf 85' lang='lat' dir='ltr'><strong>Npr.,</strong></span> <span class='ocrx_word' id='word_1_277' title='bbox 1186 3582 1274 3636; x_wconf 88' lang='grc' dir='ltr'><strong><em>φισμα</em></strong></span> 
     </span>
     <span class='ocr_line' id='line_1_35' title="bbox 203 3632 1273 3705; baseline -0.001 -19"><span class='ocrx_word' id='word_1_278' title='bbox 203 3634 366 3686; x_wconf 83' lang='lat' dir='ltr'><strong>obliteratum</strong></span> <span class='ocrx_word' id='word_1_279' title='bbox 378 3633 491 3685; x_wconf 82' lang='lat' dir='ltr'><strong>restituit</strong></span> <span class='ocrx_word' id='word_1_280' title='bbox 503 3633 539 3684; x_wconf 82' lang='lat' dir='ltr'><strong><em>N²</em></strong></span> <span class='ocrx_word' id='word_1_281' title='bbox 555 3634 683 3687; x_wconf 81' lang='lat' dir='ltr'><strong>invenus</strong></span> <span class='ocrx_word' id='word_1_282' title='bbox 696 3636 766 3687; x_wconf 80' lang='lat' dir='ltr'><strong>exitu</strong></span> <span class='ocrx_word' id='word_1_283' title='bbox 779 3635 863 3700; x_wconf 81' lang='lat' dir='ltr'><strong>spatio</strong></span> <span class='ocrx_word' id='word_1_284' title='bbox 875 3635 993 3702; x_wconf 76' lang='lat' dir='ltr'><strong>largiore,</strong></span> <span class='ocrx_word' id='word_1_285' title='bbox 1011 3632 1138 3705; x_wconf 82' lang='grc' dir='ltr'><strong><em>ψήφισμα</em></strong></span> <span class='ocrx_word' id='word_1_286' title='bbox 1157 3633 1273 3698; x_wconf 72' lang='lat' dir='ltr'><strong><em>&#39;sinebat</em></strong></span> 
     </span>
     <span class='ocr_line' id='line_1_36' title="bbox 203 3695 1273 3769; baseline 0.002 -16"><span class='ocrx_word' id='word_1_287' title='bbox 203 3702 304 3755; x_wconf 78' lang='lat' dir='ltr'>seclusi.</span> <span class='ocrx_word' id='word_1_288' title='bbox 326 3733 360 3742; x_wconf 95' lang='lat'><em>-</em></span> <span class='ocrx_word' id='word_1_289' title='bbox 383 3702 409 3766; x_wconf 72' lang='grc' dir='ltr'><strong><em>ὃ,</em></strong></span> <span class='ocrx_word' id='word_1_290' title='bbox 428 3705 443 3754; x_wconf 87' lang='grc'>3</span> <span class='ocrx_word' id='word_1_291' title='bbox 462 3705 524 3768; x_wconf 83' lang='grc' dir='ltr'><strong><em>περὶ</em></strong></span> <span class='ocrx_word' id='word_1_292' title='bbox 548 3701 580 3754; x_wconf 85' lang='lat' dir='ltr'><strong><em>cf.</em></strong></span> <span class='ocrx_word' id='word_1_293' title='bbox 600 3701 668 3755; x_wconf 81' lang='lat' dir='ltr'><strong>Dein.</strong></span> <span class='ocrx_word' id='word_1_294' title='bbox 686 3702 770 3767; x_wconf 77' lang='lat' dir='ltr'><strong>xviii,</strong></span> <span class='ocrx_word' id='word_1_295' title='bbox 790 3705 837 3756; x_wconf 80' lang='lat'><strong><em>215</em></strong></span> <span class='ocrx_word' id='word_1_296' title='bbox 861 3732 895 3742; x_wconf 92' lang='lat'><em>-</em></span> <span class='ocrx_word' id='word_1_297' title='bbox 913 3695 1006 3769; x_wconf 75' lang='grc' dir='ltr'><strong><em>αὑτήει</em></strong></span> <span class='ocrx_word' id='word_1_298' title='bbox 1031 3719 1095 3756; x_wconf 78' lang='lat' dir='ltr'><strong>corr.</strong></span> <span class='ocrx_word' id='word_1_299' title='bbox 1113 3703 1221 3756; x_wconf 83' lang='lat' dir='ltr'>Bekker.</span> <span class='ocrx_word' id='word_1_300' title='bbox 1240 3731 1273 3740; x_wconf 96' lang='lat'><em>-</em></span> 
     </span>
     <span class='ocr_line' id='line_1_37' title="bbox 203 3766 1273 3838; baseline 0 -16"><span class='ocrx_word' id='word_1_301' title='bbox 203 3773 219 3822; x_wconf 91' lang='grc'>4</span> <span class='ocrx_word' id='word_1_302' title='bbox 236 3771 288 3838; x_wconf 77' lang='grc' dir='ltr'><strong><em>μὲν</em></strong></span> <span class='ocrx_word' id='word_1_303' title='bbox 305 3771 361 3823; x_wconf 78' lang='grc' dir='ltr'><strong><em>εδδ.</em></strong></span> <span class='ocrx_word' id='word_1_304' title='bbox 379 3769 480 3834; x_wconf 85' lang='lat' dir='ltr'><strong>Reiske,</strong></span> <span class='ocrx_word' id='word_1_305' title='bbox 500 3785 550 3822; x_wconf 84' lang='lat' dir='ltr'><strong><em>om.</em></strong></span> <span class='ocrx_word' id='word_1_306' title='bbox 570 3775 579 3821; x_wconf 91' lang='lat' dir='ltr'><strong>t</strong></span> <span class='ocrx_word' id='word_1_307' title='bbox 597 3797 629 3809; x_wconf 93' lang='lat'><em>-</em></span> <span class='ocrx_word' id='word_1_308' title='bbox 647 3766 663 3835; x_wconf 85' lang='grc' dir='ltr'><strong><em>ἡ</em></strong></span> <span class='ocrx_word' id='word_1_309' title='bbox 680 3767 765 3838; x_wconf 83' lang='grc' dir='ltr'><strong><em>βουλὴ</em></strong></span> <span class='ocrx_word' id='word_1_310' title='bbox 782 3772 872 3824; x_wconf 80' lang='lat' dir='ltr'>abesse</span> <span class='ocrx_word' id='word_1_311' title='bbox 891 3773 963 3824; x_wconf 83' lang='lat' dir='ltr'><strong>malit</strong></span> <span class='ocrx_word' id='word_1_312' title='bbox 981 3772 1062 3835; x_wconf 83' lang='grc' dir='ltr'><strong><em>ΒΙοεε,</em></strong></span> <span class='ocrx_word' id='word_1_313' title='bbox 1081 3770 1126 3823; x_wconf 85' lang='lat' dir='ltr'><strong><em>sed</em></strong></span> <span class='ocrx_word' id='word_1_314' title='bbox 1145 3770 1177 3824; x_wconf 81' lang='lat' dir='ltr'><strong><em>ct.</em></strong></span> <span class='ocrx_word' id='word_1_315' title='bbox 1195 3771 1212 3834; x_wconf 83' lang='lat'><strong><em>1,</em></strong></span> <span class='ocrx_word' id='word_1_316' title='bbox 1232 3772 1273 3834; x_wconf 87' lang='grc'><strong><em>60,</em></strong></span> 
     </span>
     <span class='ocr_line' id='line_1_38' title="bbox 202 3834 1273 3906; baseline 0.001 -17"><span class='ocrx_word' id='word_1_317' title='bbox 202 3837 230 3900; x_wconf 91' lang='lat'><strong><em>11,</em></strong></span> <span class='ocrx_word' id='word_1_318' title='bbox 250 3840 265 3890; x_wconf 91' lang='grc'><strong>6</strong></span> <span class='ocrx_word' id='word_1_319' title='bbox 283 3844 309 3890; x_wconf 84' lang='grc' dir='ltr'><strong><em>εί</em></strong></span> <span class='ocrx_word' id='word_1_320' title='bbox 320 3842 359 3892; x_wconf 88' lang='grc'><strong><em>16.</em></strong></span> <span class='ocrx_word' id='word_1_321' title='bbox 377 3867 411 3878; x_wconf 93' lang='grc'>-</span> <span class='ocrx_word' id='word_1_322' title='bbox 428 3834 520 3906; x_wconf 82' lang='grc' dir='ltr'><strong><em>βουλὴ.</em></strong></span> <span class='ocrx_word' id='word_1_323' title='bbox 539 3839 562 3888; x_wconf 85' lang='grc' dir='ltr'><strong>Α</strong></span> <span class='ocrx_word' id='word_1_324' title='bbox 580 3853 629 3890; x_wconf 82' lang='lat' dir='ltr'><strong><em>una</em></strong></span> <span class='ocrx_word' id='word_1_325' title='bbox 647 3838 720 3891; x_wconf 79' lang='lat' dir='ltr'><strong>litera</strong></span> <span class='ocrx_word' id='word_1_326' title='bbox 738 3855 818 3892; x_wconf 80' lang='lat' dir='ltr'>erasa.</span> <span class='ocrx_word' id='word_1_327' title='bbox 836 3869 870 3879; x_wconf 93' lang='lat'>—</span> <span class='ocrx_word' id='word_1_328' title='bbox 888 3844 902 3892; x_wconf 85' lang='grc' dir='ltr'><strong><em>ῖ</em></strong></span> <span class='ocrx_word' id='word_1_329' title='bbox 922 3835 1016 3903; x_wconf 67' lang='lat' dir='ltr'><strong><em>aivis:</em></strong></span> <span class='ocrx_word' id='word_1_330' title='bbox 1036 3855 1100 3892; x_wconf 82' lang='lat' dir='ltr'>corr.</span> <span class='ocrx_word' id='word_1_331' title='bbox 1113 3839 1222 3892; x_wconf 81' lang='lat' dir='ltr'><strong>Bekker.</strong></span> <span class='ocrx_word' id='word_1_332' title='bbox 1240 3868 1273 3877; x_wconf 96' lang='lat'><em>-</em></span> 
     </span>
     <span class='ocr_line' id='line_1_39' title="bbox 203 3902 1273 3980; baseline 0 -21"><span class='ocrx_word' id='word_1_333' title='bbox 203 3909 218 3959; x_wconf 92' lang='lat'>8</span> <span class='ocrx_word' id='word_1_334' title='bbox 235 3902 310 3973; x_wconf 79' lang='grc' dir='ltr'><strong><em>μέλει</em></strong></span> <span class='ocrx_word' id='word_1_335' title='bbox 327 3906 373 3958; x_wconf 84' lang='grc' dir='ltr'><strong><em>ΝΑ</em></strong></span> <span class='ocrx_word' id='word_1_336' title='bbox 391 3922 439 3974; x_wconf 70' lang='lat' dir='ltr'><strong><em>pn:</em></strong></span> <span class='ocrx_word' id='word_1_337' title='bbox 465 3922 528 3960; x_wconf 79' lang='lat' dir='ltr'>corr.</span> <span class='ocrx_word' id='word_1_338' title='bbox 546 3907 588 3958; x_wconf 71' lang='lat' dir='ltr'><strong><em>At</em></strong></span> <span class='ocrx_word' id='word_1_339' title='bbox 612 3934 644 3945; x_wconf 95' lang='lat'>-</span> <span class='ocrx_word' id='word_1_340' title='bbox 667 3902 748 3972; x_wconf 70' lang='grc' dir='ltr'><strong><em>αὐτῆς</em></strong></span> <span class='ocrx_word' id='word_1_341' title='bbox 764 3907 833 3972; x_wconf 82' lang='grc' dir='ltr'><strong><em>ΑΝί,</em></strong></span> <span class='ocrx_word' id='word_1_342' title='bbox 857 3903 947 3961; x_wconf 72' lang='grc' dir='ltr'><strong><em>αὐτοῖς</em></strong></span> <span class='ocrx_word' id='word_1_343' title='bbox 965 3907 1017 3973; x_wconf 87' lang='lat' dir='ltr'><strong><em>BL,</em></strong></span> <span class='ocrx_word' id='word_1_344' title='bbox 1040 3902 1110 3980; x_wconf 75' lang='grc' dir='ltr'><strong><em>αὐτή</em></strong></span> <span class='ocrx_word' id='word_1_345' title='bbox 1129 3907 1223 3960; x_wconf 86' lang='lat' dir='ltr'><strong>Baiter.</strong></span> <span class='ocrx_word' id='word_1_346' title='bbox 1240 3935 1273 3947; x_wconf 89' lang='lat'>—</span> 
     </span>
     <span class='ocr_line' id='line_1_40' title="bbox 202 3968 1057 4044; baseline -0.002 -15"><span class='ocrx_word' id='word_1_347' title='bbox 202 3973 229 4040; x_wconf 88' lang='grc'><strong><em>6,</em></strong></span> <span class='ocrx_word' id='word_1_348' title='bbox 248 3976 263 4025; x_wconf 88' lang='grc'><strong>6</strong></span> <span class='ocrx_word' id='word_1_349' title='bbox 280 3968 398 4040; x_wconf 78' lang='grc' dir='ltr'><strong><em>τάληθδε</em></strong></span> <span class='ocrx_word' id='word_1_350' title='bbox 416 3975 498 4028; x_wconf 81' lang='lat' dir='ltr'><strong>Blass.</strong></span> <span class='ocrx_word' id='word_1_351' title='bbox 516 4004 548 4013; x_wconf 89' lang='lat'>—</span> <span class='ocrx_word' id='word_1_352' title='bbox 568 3979 582 4028; x_wconf 85' lang='grc' dir='ltr'><strong><em>ῖ</em></strong></span> <span class='ocrx_word' id='word_1_353' title='bbox 602 3974 687 4043; x_wconf 71' lang='grc' dir='ltr'><strong><em>ψυχῆς</em></strong></span> <span class='ocrx_word' id='word_1_354' title='bbox 704 3992 754 4029; x_wconf 84' lang='lat' dir='ltr'><strong><em>om.</em></strong></span> <span class='ocrx_word' id='word_1_355' title='bbox 772 3976 804 4042; x_wconf 90' lang='lat' dir='ltr'><strong><em>N,</em></strong></span> <span class='ocrx_word' id='word_1_356' title='bbox 823 3977 856 4030; x_wconf 82' lang='grc' dir='ltr'><strong><em>εί.</em></strong></span> <span class='ocrx_word' id='word_1_357' title='bbox 875 3978 892 4029; x_wconf 85' lang='lat' dir='ltr'><strong>G</strong></span> <span class='ocrx_word' id='word_1_358' title='bbox 911 3979 981 4044; x_wconf 86' lang='lat' dir='ltr'>p.10</span> <span class='ocrx_word' id='word_1_359' title='bbox 1000 3991 1057 4028; x_wconf 80' lang='lat' dir='ltr'><strong>aun.</strong></span> 
     </span>
    </p>
   </div>
   <div class='ocr_carea' id='block_1_6' title="bbox 0 0 1446 4554">
    <p class='ocr_par' dir='ltr' id='par_1_6' title="bbox 0 0 1446 4554">
     <span class='ocr_line' id='line_1_41' title="bbox 0 0 1446 4554; baseline 0 2"><span class='ocrx_word' id='word_1_360' title='bbox 0 0 1446 4554; x_wconf 95' lang='lat' dir='ltr'><strong><em> </em></strong></span> 
     </span>
    </p>
   </div>
   <div class='ocr_carea' id='block_1_7' title="bbox 1437 3743 1443 4515">
    <p class='ocr_par' dir='ltr' id='par_1_7' title="bbox 1437 3743 1443 4515">
     <span class='ocr_line' id='line_1_42' title="bbox 1437 3743 1443 4515; baseline 0 0"><span class='ocrx_word' id='word_1_361' title='bbox 1437 3743 1443 4515; x_wconf 95' lang='lat' dir='ltr'><strong><em> </em></strong></span> 
     </span>
    </p>
   </div>
   <div class='ocr_carea' id='block_1_8' title="bbox 1437 3743 1443 4515">
    <p class='ocr_par' dir='ltr' id='par_1_8' title="bbox 1437 3743 1443 4515">
     <span class='ocr_line' id='line_1_43' title="bbox 1437 3743 1443 4515; baseline 0 0"><span class='ocrx_word' id='word_1_362' title='bbox 1437 3743 1443 4515; x_wconf 95' lang='lat' dir='ltr'><strong><em> </em></strong></span> 
     </span>
    </p>
   </div>
  </div>
 </body>
</html>
