2882 4554
504 254 588 308 ΚΑΤΑ
607 253 826 307 ΦΙΛΟΚΛΕΟΥΣ.
1163 254 1203 312 49

126 424 289 511 μηδεμίαν
318 413 376 489 οὖν
399 421 528 510 δέησιν,
557 415 797 510 ῶἎθηναῖοι,
826 419 905 512 μηδ’
931 425 1023 494 έλεον
1050 426 1097 504 εἰς
1119 423 1203 508 ὖμᾶς
1215 432 1255 494 20

131 526 377 610 [λαμβάνοντες]
406 521 525 604 αύτοδς
554 553 571 589 κ
596 578 604 604 ,
636 528 737 613 μηδὲ
768 527 834 617 τὴνΙ
857 529 893 608 ἐξ
921 527 1029 596 αὐτῶν
1057 531 1123 594 τῶν
1150 529 1202 612 έρ-

127 654 193 713 γων
216 629 269 693 καί
292 632 350 716 τῆς
374 622 534 713 ἀληθείας
557 622 836 716 ἀποδεδειγμένην
860 625 936 712 ύμῖν
957 627 1041 696 κατά
1055 632 1121 695 τῶν
1135 655 1204 714 κρι-

37 741 39 746 ’
128 727 275 810 νομένων
307 723 437 795 ἀδικίαν
460 725 579 811 ἀκυρον
601 728 812 819 ποιήσαντες,
834 730 1028 820 βοηθήσατε
1046 739 1139 818 κοινῇ
1162 736 1203 822 τῇ

129 833 268 914 πατρίδι
291 830 345 897 καί
368 840 440 909 τοῖς
461 828 591 913 νόμοις·
613 834 718 898 ταῦτα
743 833 749 917 Ι
773 833 834 917 γάρ
859 831 1032 919 ἀμφότερα
1055 833 1201 902 διαδικά-
1213 847 1255 899 111
1296 857 1300 866 ·

130 933 218 1013 ζεται
245 936 302 998 νῦν
331 934 419 1015 πρὸς
446 933 505 1022 τὴν
532 932 651 1001 τούτου
679 941 852 1020 πονηρίαν.
902 931 985 1019 ὑπὲρ
1014 935 1139 1021 πάσης,
1175 925 1251 1003 ‹521

124 1031 316 1122 Ἀθηναῖοι,
340 1037 398 1119 τῆς
417 1034 525 1118 χώρας
548 1039 603 1102 νῦν
625 1037 759 1120 μέλλετε
781 1036 902 1123 φέρειν
915 1034 974 1126 την
995 1041 1122 1127 ψῆφον,
1148 1041 1202 1104 καλ

127 1144 192 1201 τῶν
222 1137 255 1203 ἒν
285 1133 385 1222 ταύτῃ
414 1142 745 1221 κατεσκευασμένων
772 1138 868 1222 ίερῶν
893 1138 1036 1206 καὶτῶν
1059 1137 1204 1223 ἀρχαίων

127 1244 276 1321 νομίμων
298 1240 352 1304 καί
375 1245 433 1323 τῆς
456 1239 727 1328 παραδεδομένης
745 1237 814 1306 ἀπὸ
829 1243 894 1307 τῶν
910 1240 1082 1326 προγόνων
1106 1237 1203 1326 ύμῖν

126 1341 317 1419 πολιτείας,
349 1333 405 1422 οδχ
434 1335 518 1423 ὑπέρ
543 1341 744 1421 Φιλοκλέους
771 1342 890 1426 μόνον·
925 1335 1023 1422 οὗτος
1051 1343 1112 1427 μὲν
1141 1343 1202 1427 γὰρ

127 1438 228 1508 αύτού
257 1441 364 1508 πάλαι
392 1441 542 1509 θάνατον
565 1450 754 1528 κατέγνωκε.
801 1440 906 1512 ταῦθ’
938 1441 1022 1529 ὖμάς
1052 1444 1202 1513 ἱκετεύων

126 1543 189 1630 έγῶ
212 1546 418 1628 δικαιοτέραν
439 1546 527 1612 πολὺ
550 1547 662 1634 δέησιν
679 1548 797 1629 δέομαι
811 1548 937 1615 τούτων
952 1550 1017 1614 τῶν
1039 1555 1203 1615 τοιαῦτα
1319 1553 1322 1562 '

126 1643 358 1731 πεπραχότων,
381 1647 425 1734 μὴ
452 1647 683 1732 ἐγκαταλιπεῖν
706 1644 789 1733 ὑπὲρ
812 1642 859 1738 ῶν
882 1649 916 1716 οἱ
938 1650 1099 1734 πρόγονοι
1116 1649 1202 1716 πολ-

126 1747 202 1828 λούς
225 1746 405 1836 ύπέμειναν
426 1749 606 1831 κινδύνους,
629 1745 711 1838 μηδ’
733 1751 780 1830 είς
801 1747 938 1831 ἀδοξίαν
961 1751 1098 1836 αἰσχράν
1121 1746 1202 1836 ἀγα-

125 1856 194 1936 γεῖν
222 1851 261 1916 τὸ
290 1853 350 1938 τῆς
378 1851 511 1931 πόλεως
541 1849 688 1936 ἀξίωμα,
720 1853 806 1940 μηδὲ
836 1853 1111 1934 καταλλάξασθαι
1142 1855 1201 1944 τὴν

125 1952 213 2036 πρὸς
234 1952 370 2031 τούτους
391 1953 485 2039 χάριν
507 1957 572 2021 τῶν
595 1955 705 2040 νόμων
733 1955 789 2022 καὶ
815 1964 880 2022 τῶν
906 1964 966 2022 τοῦ
989 1956 1094 2046 δημου
1116 1955 1201 2044 (ψη-

126 2054 320 2143 φισμάτων)
341 2055 395 2122 καλ
418 2059 483 2122 τῶν
505 2061 563 2142 τῆς
584 2060 707 2148 βουλῆς
727 2053 943 2145 ἀποφάσεων.
980 2057 1122 2143 ἀκριβῶς
1138 2060 1199 2145 γάρ
1210 2063 1250 2124 22

126 2159 214 2236 ἰ’στε,
245 2145 485 2242 ῶἉθηναῖοι,
518 2156 677 2244 ἀκριβῶς,
707 2155 759 2226 ὅτι
781 2155 877 2243 ύμεῖς
898 2159 958 2244 μὲν
980 2160 1073 2245 παρά
1095 2163 1200 2227 πᾶσιν

127 2257 325 2343 ἀνθρώποις
354 2259 555 2328 ἓπαινεῖσθε
576 2271 651 2340 ταῖς
674 2267 900 2349 γεγενημέναις
922 2259 1092 2351 ζητήσεσιν
1115 2258 1199 2346 ὑπὲρ

125 2360 250 2428 τούτων
271 2364 338 2428 τῶν
357 2362 541 2447 χρημάτων,
566 2364 600 2432 ολ
623 2362 656 2430 δ’
678 2365 919 2451 ἐξεληλεγμένοι
940 2367 1024 2432 κατὰ
1044 2368 1103 2454 τῆς
1126 2365 1200 2432 ἕαυ·

125 2467 188 2530 τῶν
211 2465 373 2548 πατρίδος
396 2465 486 2549 δῶρα
510 2465 681 2554 εἰληφότες
704 2469 844 2552 πονηροὶ
866 2470 921 2534 καί
945 2465 1055 2536 ἀδικοι
1076 2469 1130 2534 καὶ
1146 2493 1199 2549 μι-

126 2566 268 2652 σόδημοι
282 2566 472 2650 νομίζονται
488 2564 582 2649 είναι,
600 2570 719 2655 φιλεῖν
726 2565 813 2654 ἀμᾶς
828 2569 1012 2656 φάσκοντες
1027 2571 1080 2637 καλ
1096 2569 1200 2652 πράτ·
1280 2635 1282 2638 ,

124 2693 192 2734 τειν
215 2667 300 2752 ὑπὲρ
322 2671 388 2734 τῶν
410 2672 470 2756 τῆς
493 2669 624 2749 πόλεως
646 2669 795 2757 ἀγαθῶν,
818 2675 871 2738 καί
896 2669 943 2738 δι’
964 2668 1049 2757 ὑμᾶς
1071 2672 1199 2752 ἔνδοξοι

125 2777 338 2857 γεγενημένοι.

193 2976 240 3040 20,
258 2980 273 3029 2
291 2970 481 3042 λαμβάνοντες
497 2975 599 3044 εοολιιεί,
617 2983 677 3046 post
696 2975 792 3033 αδτοὺι
810 2980 935 3033 excidisse
954 2979 1096 3045 putaverim
1114 2995 1197 3049 προσ-

127 3047 217 3111 έμενοι
229 3045 271 3095 vel
284 3046 340 3096 sim.
353 3045 426 3112 quid:
446 3044 548 3112 Sauppe
561 3047 646 3099 locum
665 3048 701 3100 sic
719 3049 867 3101 constituit:
884 3044 1020 3116 μηδεμίαν
1036 3036 1087 3098 οὖν
1104 3043 1198 3110 δέησιν
1225 3093 1231 3100 .

191 3107 256 3177 μηδ’
279 3109 355 3165 έλεον
373 3107 563 3182 (δεξάμενοι),
587 3111 656 3181 μηδὲ
678 3112 730 3180 τὴν
813 3111 923 3166 ἀδικίαν
946 3115 983 3166 εἰσ
1004 3109 1072 3182 ὑμᾶς
1095 3112 1199 3182 λαμβά-

126 3195 220 3231 νονται
238 3175 432 3247 (ἀναλαβόντας
448 3180 544 3248 Βλοεο),
568 3178 652 3250 (μηδὲ
673 3180 725 3249 τὴν
746 3185 793 3250 τῆς
808 3182 905 3250 βουλῆς
922 3179 978 3236 ἀπά
1002 3182 1081 3252 ασιν)
1099 3180 1198 3253 ἄκυρον
1247 3223 1250 3228 ·

127 3245 291 3313 ποιήσαντες
313 3246 369 3300 κτλ
393 3278 426 3287 -
451 3254 466 3304 5
491 3253 575 3319 πατρί
598 3251 688 3318 Apr„
717 3266 782 3304 corr.
805 3252 841 3302 Α1
864 3280 897 3290 --
921 3247 966 3303 δια
986 3248 1094 3315 ικάζιτε
1110 3252 1132 3304 Ν
1151 3267 1197 3317 pr„

128 3332 191 3368 corr.
210 3315 252 3368 N2.
270 3344 304 3354 —
323 3319 338 3369 6
355 3313 465 3368 τούτων
482 3320 564 3384 Αρκ,
583 3334 646 3370 corr.
665 3318 708 3373 Αἱ.
725 3348 760 3359 -
776 3319 820 3383 21,
838 3321 852 3371 3
871 3323 1142 3387 κατασκευασμένων
1151 3320 1197 3372 ΝΑ

127 3399 179 3450 pn,
204 3399 267 3436 corr.
285 3383 327 3438 ΑΕ.
345 3413 379 3422 -
397 3389 413 3439 4
431 3379 499 3455 ὑπὲρ
524 3387 545 3437 Α
563 3402 615 3452 pr„
637 3380 691 3440 ὑπὸ
710 3387 745 3438 A¹
762 3415 796 3426 -
813 3383 905 3455 δμῶνι
928 3404 991 3441 corr.
1008 3386 1111 3440 Reiske.
1130 3415 1162 3426 -
1182 3391 1197 3440 5

128 3453 178 3518 μὲν
195 3467 245 3504 om.
262 3455 303 3504 At.
324 3482 358 3492 -
376 3456 390 3505 7
409 3454 496 3505 ταῦτα
514 3454 585 3506 ANt:
604 3470 668 3507 corr.
680 3455 763 3510 Blass.
781 3483 815 3494 —-
835 3458 865 3509 10
885 3451 1059 3508 ιἰντικαταλλ.
1072 3454 1197 3522 Hirschig.

127 3549 160 3556 —
180 3524 208 3572 11
230 3535 299 3590 ψηφ.
319 3520 378 3574 εδδ.
395 3520 538 3586 Μιειιοω,
564 3537 614 3577 om.
632 3527 650 3574 t.
669 3552 702 3564 -
720 3523 766 3586 22,
786 3525 801 3578 3
819 3523 996 3577 ἐπαινεῖσθαι
1013 3524 1036 3574 Α
1053 3538 1090 3589 pr.
1109 3521 1131 3574 N
1150 3539 1195 3590 pn,

129 3602 190 3640 corr.
202 3588 259 3640 A¹N
264 3589 273 3621 ¹
285 3617 320 3635 -·
333 3588 355 3640 N
370 3589 477 3642 subicit:
493 3589 564 3643 κατὰ
578 3587 739 3662 φιίοκλέαυε.
752 3591 825 3645 Turr.
839 3591 929 3646 deesse
944 3591 1068 3659 quaedam
1082 3596 1197 3645 censent.

561 3849 764 3858 ---.--.-

16 4085 17 4098 ¹
180 4097 297 4131 mmm
311 4099 349 4131 οι.
