2882 4554
526 267 611 320 ΚΑΤΑ
626 265 881 322 ΔΗΜΟΣΘΕΝΟΥΣ.
1203 267 1242 327 21

170 439 241 518 ψας
269 429 354 524 ἡμᾶς
378 431 595 519 Ἀλέξανδρος
623 433 662 500 τὸ
690 443 823 518 χρυσίον
851 434 889 502 τὸ
918 437 1080 519 κομισθέν
1110 437 1157 517 εἰς
1185 439 1244 524 τὴν

170 536 278 622 χώραν
301 534 369 604 ύπὸ
387 534 574 623 Ἁρπάλου,
603 539 656 604 καὶ
687 536 772 623 πρδς
800 541 849 625 τῷ
876 545 1078 626 γεγενῆσθαι
1106 541 1165 630 τὴν
1187 540 1246 632 τῆς

171 641 293 728 βουλῆς
316 639 490 727 ἀπόφασιν
512 640 590 719 τοὺς
607 641 732 718 παῖδας
746 646 950 728 καταπέμψῃ
967 639 1052 724 πρὸς
1067 637 1153 730 ἡμᾶς
1168 643 1246 723 τοὺς

172 748 229 808 νῦν
253 737 298 821 ὥς
320 743 437 810 ἑαυτὸν
460 741 792 826 άνακεκομισμένσυς,
825 745 878 810 καί
901 742 1026 811 τούτων
1049 741 1140 824 ἀξιοῖ
1163 772 1247 813 πυν-

172 843 344 912 θάνεσθαι
365 845 423 931 τὴν
441 841 602 931 άλήδειαν
625 839 742 934 ἡμᾶς,
766 842 853 928 πρὸς
874 852 975 926 θεῶν,
1006 829 1034 912 οἰ
1056 844 1189 931 ἄνδρες,
1213 853 1247 914 τί

173 947 328 1032 ἐροῦμεν,·
349 947 516 1034 γράψεις
534 947 584 1028 σύ,
597 946 821 1034 Δημόσθενες,
839 950 997 1031 πολεμεῖν
1014 943 1110 1036 ἡμᾶς,
1128 949 1245 1039 ἐπειδὴ
1256 957 1297 1020 69

172 1050 227 1115 καὶ
248 1050 325 1128 τοὺς
346 1049 509 1135 πρότερον
532 1051 702 1132 πολέμους
723 1052 831 1128 καλῶς
857 1051 861 1136 Ι
886 1050 1070 1137 διῴκησσςς
1099 1054 1154 1119 καὶ
1181 1052 1247 1119 πύ-
1268 1067 1298 1118 99

172 1150 266 1234 τερόν
296 1151 367 1219 ἐστι
396 1150 615 1236 δικαιότερον,
645 1145 685 1218 άν
714 1159 818 1218 ταῦτα
849 1149 926 1240 δόξῃ
955 1155 1008 1219 καλ
1038 1162 1111 1232 τοῖς
1133 1152 1248 1234 ἄλλοις
1282 1155 1285 1162 ’

171 1251 376 1342 Ἀθηναίοις,
401 1254 448 1332 εἰς
469 1253 526 1321 τὸν
549 1253 696 1337 πόλεμον
711 1249 871 1339 ὑπάρχειν
887 1253 970 1338 μετά
983 1263 1050 1322 τῶν
1066 1254 1175 1323 άλλων
1192 1254 1248 1324 καί

173 1355 212 1422 τά
234 1357 328 1443 παρὰ
351 1364 412 1423 σοῦ
433 1362 580 1442 χρυσίον,
610 1345 632 1446 ἢ
653 1355 730 1435 τοὺς
751 1356 810 1440 μὲν
833 1355 954 1436 άλλους
976 1355 1046 1424 άπὸ
1067 1366 1132 1425 τῶν
1155 1359 1248 1426 ἰδίων

173 1457 345 1546 κτημάτων
368 1458 504 1526 ἕκαστον
532 1458 697 1547 εἰσφέρειν
726 1461 781 1526 καί
808 1459 1043 1544 καταχωνεύειν
1073 1459 1131 1527 τδυ
1160 1461 1248 1528 ἰδιον

174 1560 298 1645 κόσμου
319 1568 385 1628 τῶν
407 1565 568 1646 γυναικῶν
590 1565 645 1630 καὶ
667 1561 709 1629 τὰ
731 1562 914 1646 ἐκπώματα
936 1562 992 1630 καί
1014 1562 1124 1630 πάντα
1148 1561 1190 1630 τά
1213 1561 1248 1631 έν

174 1671 215 1754 τῇ
234 1663 326 1752 χώρα
346 1662 548 1754 ἀναθήματα
570 1672 635 1731 τιῦν
658 1672 765 1745 θεῶν,
796 1660 910 1751 ὥσπερ
935 1666 1072 1752 ἔφησθα
1094 1665 1135 1733 σὺ
1156 1665 1250 1751 γρά-

176 1779 289 1853 ψειυ,
323 1760 422 1846 αύτδς
459 1765 646 1851 εἰσενεγκὼν
684 1765 889 1854 πεντήκοντα
919 1767 1065 1853 δραχμάς
1094 1763 1163 1834 άπὸ
1191 1770 1251 1856 τῆς

176 1869 282 1948 οἰκίας
303 1873 361 1957 τῆς
387 1867 421 1936 έν
444 1874 599 1952 Πειραιεῖ
626 1870 679 1936 καί
708 1876 769 1956 τῆς
796 1868 830 1935 ἰν
860 1865 973 1952 δι’στει,
1006 1877 1166 1936 τοσοῦτον
1189 1867 1249 1955 γάρ

175 1971 258 2038 κατὰ
286 1970 346 2058 τὴν
369 1976 535 2056 προτέραν
558 1967 718 2058 εἰσφοράν
743 1970 954 2059 εἰσενηνοχώς
977 1972 1082 2039 εἰκοσι
1104 1972 1251 2040 τάλαντα

177 2073 271 2157 ἐ’χεις.
315 2063 518 2158 ἢπολεμεῖν
546 2072 605 2157 μὲν
628 2071 665 2140 σι’
688 2072 845 2160 γράψεις,
876 2073 1079 2141 άποδιδόναι
1109 2075 1145 2141 δὲ
1167 2072 1250 2141 κατὰ
1262 2080 1301 2143 70

176 2176 215 2241 τὸ
237 2181 457 2261 γεγραμμένον
479 2170 546 2242 ύπδ
570 2178 630 2243 σοῦ
650 2174 813 2264 ψήφισμα
834 2176 1028 2255 κελεύσεις
1046 2171 1250 2263 Ἀλεξάνδρῳ

176 2275 215 2344 τὸ
244 2283 480 2361 κεκομισμένον
512 2285 666 2363 χρυσίον,
704 2276 822 2345 οὐκοῦν
852 2274 936 2366 ύπέρ
966 2280 1027 2345 σοῦ
1055 2279 1114 2347 τὸν
1145 2279 1250 2368 δῆμον

174 2375 381 2448 ἀποδιδόναι
403 2376 522 2467 δεήσει.
566 2383 621 2446 καὶ
645 2388 713 2448 ποῦ
734 2377 827 2447 τοῦτ’
852 2381 925 2450 έστι
947 2383 1074 2449 δίκαιον
1097 2373 1117 2447 ἰ
1138 2380 1250 2447 κοινδν

176 2476 199 2571 ἢ
222 2481 410 2570 δημοτικόν,
432 2482 511 2560 τούς
531 2483 591 2565 μὲν
615 2482 847 2566 ἐργαζομένους
870 2483 1045 2571 εἰσφέρειν,
1072 2483 1110 2549 σέ
1134 2482 1171 2551 δέ
1192 2478 1253 2565 ἆρ-

176 2584 294 2667 πάζειν
322 2583 380 2653 καί
406 2585 578 2669 κλέπτειν,
611 2587 665 2652 καὶ
701 2587 778 2664 τούς
807 2587 867 2669 μὲν
897 2585 1042 2674 φανεράν
1071 2587 1253 2672 κεκτῆσθαι

176 2688 235 2776 τὴν
259 2687 375 2756 ούσὶαν
397 2691 453 2756 καὶ
475 2687 545 2756 άπὸ
567 2689 688 2775 ταύτης
710 2687 885 2776 εἰσφέρειν,
909 2690 947 2756 σὲ
964 2689 999 2756 δὲ
1014 2686 1120 2756 πλείω
1136 2682 1157 2776 ἢ
1172 2716 1251 2757 πεν-

176 2789 316 2875 τήκοντα
337 2793 392 2858 καί
415 2791 530 2858 ἑκατὸν
552 2791 698 2858 τάλαντα
720 2790 761 2858 τά
784 2790 844 2874 μὲν
867 2789 985 2858 ἐκτῶν
1006 2793 1187 2878 βασιλικῶν
1209 2792 1252 2859 τά

177 2893 213 2960 δὲ
248 2890 283 2959 έκ
318 2899 384 2959 τῶν
410 2887 628 2978 Ἀλεξάνδρου
663 2892 896 2979 πραγμάτων
932 2893 1118 2982 εἰληφέναι,
1151 2894 1254 2978 μηδὲν

178 2994 215 3062 δὲ
242 2994 386 3082 φανερὸν
415 2993 449 3062 έν
479 3003 520 3082 τῇ
548 2996 648 3063 πόλει
675 3003 873 3084 κεκτῆσθαι,
905 2990 991 3064 ἀλλὰ
1017 2993 1254 3064 διεσκευάσθαι

177 3095 263 3181 πρδς
290 3097 349 3164 τὸν
380 3098 483 3185 δῆμον
514 3093 559 3176 ὥς
587 3092 636 3184 ού
654 3096 854 3167 πιστεύοντα
881 3108 954 3177 τοῖς
979 3098 1086 3186 ἑαυτῷ
1108 3098 1254 3165 πεπολι-

178 3197 366 3282 τευμένοις,
396 3199 451 3268 καὶ
472 3199 550 3278 τοὺς
570 3200 631 3284 μὲν
653 3198 773 3284 νόμους
795 3199 968 3286 προλέγειν
991 3205 1037 3288 τῷ
1060 3199 1177 3290 ῥήτορι
1199 3201 1252 3267 καὶ
1265 3205 1303 3267 71

178 3307 225 3385 τῷ
248 3305 435 3387 στρατηγῷ,
462 3300 542 3389 (τῷ)
564 3299 621 3389 τήν
644 3301 738 3387 παρὰ
759 3309 819 3368 τοῦ
842 3302 945 3389 δήμου
967 3298 1082 3368 πίστιν
1106 3296 1255 3382 άξιοῦντι

245 3474 263 3524 4
278 3468 348 3541 πρδε
361 3467 394 3522 τδ
408 3469 431 3520 Α
444 3487 490 3538 με,
507 3488 571 3526 corr.
586 3472 629 3526 ΑΞ.
644 3501 677 3511 -
692 3475 707 3524 5
722 3474 897 3541 καταπέμψω
910 3471 933 3523 Δ
947 3488 993 3540 με,
1010 3487 1074 3525 corr.
1089 3473 1125 3524 Α2
1138 3500 1171 3510 -
1185 3463 1257 3538 δμᾶε

177 3539 209 3594 N.
225 3567 261 3622 Γ·
279 3544 293 3593 7
306 3533 387 3607 §pam
400 3553 465 3592 corr.
479 3539 592 3642 Snffppe.
608 3568 652 3661 -δ
659 3540 706 3606 99,
716 3543 732 3626 ,1
745 3535 871 3660 γράφιρρε
885 3555 949 3593 corr.
961 3540 1115 3660 διρρψιιοοεθ.
1131 3541 1198 3622 5²
1211 3538 1255 3639 fin:

178 3608 1255 3744 ἔίιῗὲἰέἷιλίἔὲ.ἶῗῗυλελῖλίρΐῗὲἕῖάὲλλη.ἰῗλύῗίλιλιλι,ἔὲλίἕῖἷὶ

177 3744 286 3812 phanus.
298 3773 331 3782 -
344 3747 358 3796 5
368 3744 420 3811 μὲν
436 3783 477 3799 ...
493 3744 548 3814 έργ.
560 3745 582 3797 Α
593 3761 651 3798 cum
660 3746 699 3798 lit.
709 3746 786 3798 trium
794 3759 890 3798 rasura.
900 3773 933 3784 -
944 3747 1015 3797 6καλ
1024 3740 1152 3795 κλέπτειν
1161 3759 1212 3796 om.
1221 3744 1257 3796 At

176 3841 211 3852 -
223 3815 270 3864 καλ
280 3808 343 3864 τοδε
354 3813 405 3878 μέν
423 3851 498 3867 .....
517 3811 651 3882 εἰσφέρειν
668 3813 694 3864 in
706 3827 785 3880 marg.
799 3812 855 3865 εδδ.
869 3813 911 3864 Αἰ.
930 3840 964 3852 -
983 3815 997 3863 Ἰ
1011 3808 1107 3863 πλεῖον
1118 3811 1150 3876 Ν,
1167 3808 1255 3864 πλείω

179 3878 264 3950 (μὲν)
275 3881 308 3934 ci.
321 3879 403 3932 Blass.
421 3910 455 3918 -·
473 3883 489 3934 9
502 3875 650 3965 χρημάτων
663 3880 740 3934 wolf.
760 3909 790 3919 —
811 3885 842 3934 10
856 3879 977 3950 φανερὸν
989 3882 1020 3931 ιν
1031 3879 1065 3952 τῇ
1078 3875 1157 3932 πόλει
1169 3880 1195 3932 in
1207 3895 1257 3932 ras.

178 3948 222 4011 Αἰ,
238 3948 310 4015 λιφε.
329 3947 401 4002 forta
419 3947 487 4019 πρὸς
504 3966 556 4001 τον
573 3943 667 4016 δῆμον.
685 3977 719 3989 -
739 3952 769 4004 11
788 3946 1049 4015 πεπολιτευ.μέυοιε
1070 3947 1154 4015 Npr„
1170 3961 1258 4000 rasura

181 4030 255 4083 τοτα,
273 4012 488 4085 πολιτευομένων
504 4018 547 4071 At.
566 4047 599 4056 —
617 4018 657 4084 71,
675 4019 691 4070 2
709 4018 750 4086 τῷ
770 4017 827 4074 εδδ.
844 4016 947 4081 Βείελιε,
967 4031 1016 4070 om.
1035 4020 1054 4069 t.
