2882 4554
486 256 570 308 ΚΑΤΑ
585 256 870 310 ΑΡΙΣΤΟΓΕΙΤΟΝΟΣ.
1177 257 1215 316 37

150 448 216 489 των
243 424 326 490 κατὰ
353 430 418 490 τῶν
441 420 508 490 ύπδ
529 432 589 518 τῆς
610 424 731 510 βουλῆς
754 423 1057 512 ἀποπεφασμένων.
1100 424 1134 493 τί
1156 427 1253 512 γάρ6

151 522 298 610 ἀγνοεῖτε
321 520 405 593 διίἳ
428 527 545 595 δεῖσθε
567 526 671 611 λόγων
694 522 822 593 ἀκούειν
846 526 928 594 κατά
950 535 1009 594 τού
1031 530 1087 594 νύν
1110 553 1219 611 κρινο-

150 632 268 711 μένου,
291 624 410 712 πότερ’
433 624 453 715 ή
475 636 532 718 τῆς
554 631 676 716 βουλῆς
698 625 881 714 ἀπόφασις,
907 629 962 696 ἐὰν
984 630 1043 712 μέν
1066 627 1162 718 ἡμεῖς
1184 631 1217 697 οἱ

150 730 325 817 κατήγοροι
348 729 424 799 δέκα
447 728 538 809 ὄντες
557 731 595 796 τό
613 727 700 817 ὕδωρ
717 725 937 815 ἀναλώσωμεν
954 727 1045 798 ἀπαν
1068 731 1122 799 καὶ
1137 730 1218 799 ἀνα-

150 831 323 922 βοήσωμεν
361 830 406 912 ὦς
443 832 549 900 δεινόν
586 832 675 901 ε’στιν
704 828 872 920 ἀφεῖσθαι
899 831 976 913 τούς
1006 834 1218 921 εἰλημμένους

152 938 284 1020 έχοντας
307 933 366 1003 ἐπ’
390 934 575 1022 αὐτοφώρῳ
599 936 689 1020 δῶρα
709 937 791 1002 κατά
813 943 870 1021 τῆς
893 937 1062 1020 πατρίδος,
1089 935 1218 1026 ἀληθὴς

118 1047 120 1052 ’
151 1041 204 1106 καὶ
229 1036 340 1105 δικαία
361 1034 380 1124 ἡ
402 1035 486 1105 κατά
506 1035 786 1122 Ἀριστογείτονος
812 1039 905 1105 ἔσται
927 1033 1136 1128 [ἀπόφασις],
1161 1038 1252 1106 έὰνῖ

153 1141 186 1207 δ’
211 1141 345 1219 ἕκαστος
367 1135 475 1228 ήμῶν,
503 1133 549 1218 ὥς
579 1139 715 1207 εἰδότων
744 1139 834 1225 ύμών
863 1141 973 1207 πάντα
995 1139 1096 1210 -ούδέν
1119 1136 1218 1230 ήττον

150 1241 243 1331 ήμῶν
266 1240 307 1309 τά
330 1244 441 1310 δίκαια
463 1245 541 1326 περὶ
564 1241 703 1310 τουτωνὶ
725 1245 788 1310 τῶν
811 1237 954 1329 ἀγώνων,
977 1250 1099 1329 βραχέα
1115 1243 1218 1311 είπιδν

151 1348 284 1432 καταβῇ,
305 1344 311 1430 Ι
330 1345 465 1431 ψευδής,
488 1347 541 1411 καὶ
566 1341 610 1410 οὗ
634 1347 808 1423 δικαίως
830 1346 924 1431 παρὰ
937 1348 1003 1412 τῶν
1022 1345 1218 1433 Ἀρεσπαγι-
1229 1358 1271 1409 106

151 1450 217 1514 τῶν
239 1453 448 1533 γεγενημένης
470 1439 490 1532 ἢ
511 1444 550 1512 τό
574 1447 663 1531 δῶρα
686 1446 863 1534 λαμβάνειν
886 1448 943 1514 έπὶ
966 1449 1133 1534 προδοσίᾳ
1154 1450 1219 1514 τῶν

152 1551 209 1628 τύς
237 1547 367 1627 πόλεως
397 1545 631 1635 συμφερόντων
660 1546 718 1616 ούκ
747 1543 825 1616 ἴσθ’
851 1546 903 1616 δτι
932 1557 998 1618 τῶν
1022 1549 1218 1618 δεινοτάτων

154 1650 222 1718 έστί
245 1653 387 1718 καὶτῶν
409 1654 550 1719 πλεῖστα
572 1653 654 1719 κακὰ
675 1653 735 1730 τάς
757 1652 873 1732 πόλεις
896 1652 1138 1739 έργαζσμένωνς

234 1749 328 1819 Ἀλλ’
355 1749 453 1832 αύτδς
477 1750 495 1819 ὅ
517 1755 706 1839 κρινόμενος
729 1754 766 1844 νή
780 1761 849 1822 Δία
863 1761 995 1840 μέτριος
1010 1756 1067 1823 τὸν
1083 1755 1218 1839 τρόπον,
1237 1757 1255 1821 8

152 1855 207 1923 καὶ
229 1856 399 1941 προγόνων
422 1858 579 1943 χρηστῶν,
602 1859 655 1923 καί
678 1857 788 1924 πολλὰ
810 1851 895 1940 ύμᾶς
916 1858 971 1923 καὶ
994 1857 1063 1944 ἰδίᾳ
1085 1857 1141 1924 καὶ
1163 1857 1221 1943 δη-

153 1965 255 2045 μοσίᾳ
277 1958 361 2025 καλὰ
379 1958 598 2044 εἰργασμένος,
623 1955 708 2026 δι’στε
724 1959 779 2026 διὰ
794 1954 886 2026 τοῦτ’
906 1957 997 2040 ἀξιόν
1014 1959 1103 2028 ἔστιν
1119 1953 1220 2026 αύτού

155 2067 361 2147 φείσασθαι,·
383 2060 439 2127 καὶ
460 2069 511 2141 τίς
531 2058 622 2144 ὑμῶν
645 2059 683 2129 ού
705 2061 867 2141 πολλάκις
889 2057 1022 2152 ἀκήκοεν
1047 2058 1099 2129 ότι
1120 2062 1221 2127 Κυδι-

153 2162 258 2247 μάχου
281 2165 340 2250 μέν
362 2167 420 2231 τού
442 2165 569 2249 πατρὸς
585 2173 644 2232 τοῦ
657 2163 940 2252 Ἀριστογείτονος
955 2163 1105 2232 θανάτου
1121 2190 1221 2230 κατα-

153 2272 361 2352 γνωσθέντος
382 2268 436 2334 καὶ
459 2266 621 2354 φυγόντος
644 2267 678 2335 ἐκ
697 2268 815 2356 ταύτης
829 2276 887 2353 τῆς
903 2268 1033 2348 πόλεως
1049 2266 1067 2333 ὃ
1081 2264 1222 2356 χρηστός

153 2361 251 2448 οὗτος
279 2368 351 2447 υἱὸς
378 2371 526 2455 περιεῖδε
553 2368 610 2436 τὸν
641 2367 742 2439 αὑτοῦ
772 2379 903 2456 πατέρα
937 2376 992 2439 καὶ
1022 2372 1126 2453 ζῶντα
1156 2374 1221 2437 τῶν

152 2471 337 2559 ἀναγκαίων
361 2472 564 2553 σπανίζοντα
594 2472 649 2539 καὶ
670 2471 971 2560 τελευτήσανταού
994 2472 1133 2556 τυχόντα
1155 2475 1219 2539 τῶν

153 2582 310 2659 νομίμων,
334 2570 418 2658 ἀπερ
441 2571 542 2641 αύτοῖ
564 2573 725 2653 πολλάκις
747 2580 1040 2660 κατεμαρτυρεῖτο·
1063 2569 1162 2640 αύτδν
1186 2573 1258 2641 δὲ9

153 2679 268 2742 τοῦτον
276 2729 285 2758 ,
304 2673 366 2744 ,ὅτ’
392 2677 439 2756 είς
468 2674 519 2744 τό.
537 2677 760 2767 δεσμωτήριον
788 2674 827 2744 τό
856 2679 989 2763 πρῶτον
1019 2675 1222 2771 ἀπήχθη-

153 2776 314 2857 πολλάκις
335 2780 396 2866 γάρ
419 2781 491 2847 ἰ’στε
513 2784 611 2846 τοῦτο
635 2779 744 2866 δήπου
772 2779 981 2868 γεγενημένον
1003 2816 1059 2861 -,
1083 2782 1222 2846 τοιαῦτα

152 2879 364 2968 τολμήσαντα
392 2891 503 2948 ποιεῖν
532 2879 670 2960 αὐτού,
705 2877 786 2949 ὥστ’
819 2881 961 2961 ἐκείνους
996 2875 1222 2969 ἀποψηφίσα-

154 2989 240 3050 σθαι
271 2982 356 3072 μήτε
388 2992 455 3068 πύρ
490 2982 616 3052 έναύειν
646 2985 755 3073 τούτῳ
786 2985 868 3076 μήτε
901 2994 1069 3052 συσσιτεῖν
1097 2985 1224 3070 μηδένα

223 3157 238 3206 9
256 3151 325 3204 κατὰ
342 3154 388 3206 ΝΑ
400 3170 448 3221 pr„
465 3156 495 3206 έκ
507 3153 553 3206 A²t
571 3185 604 3195 -
621 3151 675 3209 ὑπὸ
689 3172 764 3223 supra
777 3172 878 3209 versum
890 3156 925 3207 λ’
942 3184 977 3194 -
992 3153 1225 3224 ἀποπιφασμένον

153 3221 240 3287 Αρτ,
259 3237 322 3273 corr.
341 3223 384 3287 A¹‚
401 3225 428 3275 in
445 3224 519 3276 libris
554 3228 595 3275 ost
612 3219 732 3292 ἀποπεφ.
751 3229 902 3293 sequuntur:
925 3219 943 3286 ἦ
961 3219 1008 3274 διὰ
1023 3220 1085 3275 τοὺς
1102 3223 1150 3275 τοῦ
1168 3241 1225 3304 κρι-

153 3291 267 3357 νομένου
289 3286 438 3372 προγόνους
459 3295 505 3344 καί
527 3239 583 3356 (διὰ
601 3291 658 3344 add.
676 3292 710 3358 N)
734 3290 786 3356 τὴν
808 3286 890 3344 σύτού
913 3288 1091 3361 μετριότητα,
1117 3295 1162 3342 καὶ
1179 3287 1224 3345 ὅτι

152 3352 222 3424 ύμῖκε
238 3353 318 3410 πολλι
343 3355 430 3418 (πόλλ.
443 3353 487 3423 ύμ.
501 3360 533 3424 Ν)
551 3363 597 3411 καὶ
609 3355 667 3425 ἰδία
684 3363 729 3412 καὶ
745 3356 862 3426 δημοσίᾳ
873 3355 965 3430 ἀγαθδ
979 3358 1126 3431 εἴργασται,
1145 3355 1225 3419 ἀξιον

153 3427 240 3491 (έστιν
260 3427 317 3478 εδδ.
335 3424 367 3490 Ν)
392 3423 474 3480 αὐτού
498 3427 668 3498 φείσασθαι,·
696 3444 762 3496 quae
782 3428 860 3480 verba
879 3429 929 3480 del.
947 3427 1062 3494 Bekker,
1088 3428 1145 3480 coll.
1164 3427 1180 3493 ξ
1199 3429 1223 3478 8.

153 3589 187 3598 ·-
205 3561 231 3626 (ί,
250 3564 266 3613 4
286 3555 464 3629 ἀναλώσομεν
476 3563 554 3630 Αρτ,
573 3562 689 3616 corr'.A¹.
708 3593 740 3601 —
761 3557 921 3632 5ἀφεῖσθαι
933 3533 992 3616 έσόί
1003 3564 1033 3616 Ν.
1052 3592 1083 3600 -
1104 3565 1118 3614 ’ῖ
1136 3557 1199 3612 κατ’
1214 3565 1225 3613 t

155 3657 185 3667 -
204 3631 283 3680 ἔσται
305 3636 365 3693 post
383 3625 476 3681 δικαία
499 3632 557 3684 coll.
576 3631 606 3683 N.
633 3661 665 3670 -
689 3632 744 3697 21
770 3626 907 3700 ἀπόφασις
925 3633 974 3684 del.
992 3631 1133 3694 Maetzner,
1157 3645 1223 3681 serv.

154 3701 172 3750 t.
190 3726 223 3735 -
243 3700 258 3750 3
276 3692 362 3750 οὐδεὶς
381 3692 478 3750 τότ’ΝΑ
496 3716 546 3765 με,
571 3704 629 3751 ante
654 3693 690 3752 ιύε
711 3701 738 3750 in
760 3701 872 3766 margine
895 3699 981 3764 ταύτη
1004 3695 1142 3751 πιστεύσει
1166 3697 1225 3750 εδδ.

152 3765 196 3832 A’,
216 3765 253 3818 sic
274 3769 297 3816 t:
317 3765 455 3833 cornflug,
473 3761 520 3833 (σύ
534 3763 661 3836 δικαίων)
679 3763 741 3819 οὐδὲ
756 3767 820 3820 ἴσως
834 3768 914 3822 Blass.
932 3753 999 3819 -‘5
1035 3768 1196 3848 εγενημένης
1214 3771 1228 3816 λ

152 3861 187 3872 —-
203 3830 235 3885 τὸ
254 3848 328 3901 supra
349 3849 449 3886 versum
467 3834 525 3887 add.
545 3835 587 3887 ΑΙ.
603 3864 638 3872 -
656 3836 682 3899 8,
701 3838 716 3888 2
737 3829 808 3903 ήμῑε
824 3839 854 3888 Α.
872 3866 905 3875 -
924 3839 939 3888 3
957 3785 1052 3905 ι’γαάα
1070 3833 1135 3904 εἰργ.
1151 3817 1227 3886 &lass

153 3915 185 3952 ex
203 3901 219 3968 5
237 3905 252 3954 6
270 3931 304 3941 -
321 3896 362 3953 διὶ
383 3898 466 3954 ταῦτ’
480 3901 562 3955 Blass.
581 3932 613 3941 —
632 3906 648 3956 4
665 3909 755 3955 καίτοι
771 3909 812 3955 τίτ
824 3905 972 3970 Rosenberg
990 3931 1022 3940 -
1041 3896 1083 3954 ότι
1096 3902 1144 3954 τού
1157 3897 1227 3953 Κυδ.

151 3970 183 4020 Α.
201 3997 234 4006 -
253 3974 268 4023 5
286 3964 491 4057 ἀριστο....Α
522 3987 550 4029 τ..
562 3986 625 4024 corr.
638 3971 680 4024 A&
698 4000 732 4011 -
751 3976 765 4024 ἵ
779 3967 863 4025 αὐτού
875 3971 907 4025 N.
924 4000 958 4011 -
974 3967 1130 4040 θ,3δν’,πον
1143 3970 1228 4023 τοῦτο

152 4035 184 4089 N.
202 4065 235 4075 -
254 4039 271 4089 4
288 4036 397 4091 αυτοὺσι
417 4054 480 4092 corr.
532 4055 596 4092 urm.
