2882 4554
518 257 602 309 ΚΑΤΑ
618 255 871 310 ΔΗΜΟΣΘΕΝΟΥΣ.
1190 257 1236 317 23

159 420 245 492 ἀλλά
267 427 320 492 καὶ
340 429 413 491 λίαν
434 422 561 510 ἀληθές
583 423 623 490 τὸ
645 422 722 502 τοὺς
743 418 905 508 ἡγεμόνας
928 423 1055 506 αἰτίους
1078 423 1235 496 ἁπάντων

158 533 315 612 γίνεσθαι
348 529 490 594 καὶτῶν
513 524 651 611 ἀγαθῶν
685 525 828 593 καὶτῶν
852 526 1008 594 ἐναντίων
1036 538 1108 606 τοῖς
1137 531 1236 597 πολί-

159 654 242 706 ταις.
281 628 475 714 θεωρήσατε
498 628 537 718 δή
561 628 663 695 πάλιν
687 629 740 693 καί
765 627 822 696 ἐπὶ
844 631 902 718 τῆς
918 626 1077 718 ἡμετέρας
1092 629 1232 712 πόλεως,
1244 639 1286 700 75

158 727 218 798 τόν
241 728 342 798 αύτδν
364 730 490 815 τρόπον
513 729 735 810 ἐξετάσαντες.
776 725 796 817 ή
820 730 920 809 πόλις
941 727 1034 817 ήμῶν
1058 716 1096 821 ήν
1111 732 1235 821 μεγάλη

158 836 213 900 καί
244 834 374 913 ένδοξος
402 832 495 915 παρὰ
522 843 595 911 τοῖς
609 830 743 920 Ἕλλησι
773 835 828 899 καί
857 837 923 901 τοῖν
952 834 1125 919 προγόνων
1148 830 1234 916 ἀξία,

158 935 243 1020 μετά
264 961 300 1020 γε
322 929 541 1019 τὰςάρχαίας
564 936 688 1013 ἐκείνας
715 934 870 1018 πράξεις,
902 931 957 1001 ότι
980 935 1106 1017 Κόνων,
1135 934 1181 1016 ὦς
1203 937 1237 1004 ολ

158 1034 380 1121 πρεσβύτεροι
409 1039 576 1121 λέγουσιν,
608 1034 735 1122 ἐνίκησε
762 1036 819 1124 τήν
851 1036 884 1104 ἐν
907 1038 1020 1125 Κνίδῳ
1043 1044 1234 1122 ναυμαχίαν,

161 1135 216 1206 ότε
239 1133 423 1226 Ἰφικράτης
459 1133 568 1207 ἀνεῖλε
602 1137 660 1226 τήν
691 1137 969 1223 Λακεδαιμονίων
1004 1138 1146 1224 μόραν,
1181 1138 1236 1208 ότε

157 1248 312 1328 Χαβρίας
349 1241 383 1308 ἒν
420 1241 522 1326 Νάξῳ
558 1240 825 1328 κατεναυμάχησε
860 1240 921 1319 τὰς
956 1241 1235 1325 Λακεδαιμονίων

157 1345 320 1432 τριήρεις,
350 1341 406 1410 ὅτε
437 1341 606 1424 Τιμόθεος
622 1343 691 1430 ’τήν
723 1343 756 1410 ἐν
785 1344 936 1431 Κερκύρᾳ
965 1350 1147 1429 ναυμαχίαν
1170 1345 1236 1412 ἐνί·

159 1472 246 1533 κησε.
281 1443 365 1526 τότε,
391 1437 620 1533 ὦἈδηναῖοι,
643 1445 719 1513 τότε
742 1446 848 1530 οἱμὲν
864 1446 1027 1530 πρότερον
1044 1445 1136 1526 ὄντες
1152 1449 1236 1531 λαμ·
1246 1457 1286 1518 76

56 1629 59 1636 .
158 1551 241 1633 προί
267 1549 323 1614 διὰ
343 1547 421 1625 τούς
443 1544 605 1636 ἡγεμόνας
622 1547 890 1629 Λακεδαιμόνιοι
911 1550 965 1614 καί
981 1543 1050 1614 ύπδ
1065 1559 1137 1628 τοῖς
1153 1548 1252 1616 ἐκεί-,

157 1677 224 1717 νων
241 1647 343 1738 ήθεσι
358 1651 537 1736 τραφέντες
553 1653 705 1718 ταπεινοί
723 1650 809 1733 πρὸς
826 1650 884 1736 τήν
907 1649 1008 1718 πόλιν
1031 1648 1123 1740 ήμῶν
1145 1643 1233 1736 ἧκον,

158 1751 310 1834 δεόμενοι
325 1760 382 1838 τής
397 1749 489 1838 παρά
503 1759 570 1818 τῶν
592 1749 800 1839 ἡμετέρων
823 1749 996 1837 προγόνων
1018 1760 1192 1841 σωτηρίας,
1216 1749 1234 1818 ό

155 1856 195 1922 δέ
224 1856 423 1932 καταλυθείς
459 1848 521 1920 ὑπ’
546 1851 677 1920 ἐκείνων
703 1854 708 1937 Ι
736 1854 838 1942 δῆμος
868 1853 924 1920 διά
945 1852 1023 1933 τούς
1045 1854 1121 1922 τότε
1143 1871 1287 1939 roro-100

157 1957 276 2040 μένους
299 1950 383 2039 παρ’
408 1951 501 2044 ήμῖν
524 1954 732 2041 συμβούλους
754 1955 858 2022 πάλιν
882 1951 1011 2043 ήγεμών
1034 1947 1072 2044 ήν
1087 1959 1154 2024 τῶν
1166 1953 1235 2023 Ἑλ-

156 2058 276 2146 λήνων,
300 2059 444 2136 δικαίως,
469 2053 573 2142 οίμαι,
598 2064 788 2145 στρατηγῶν
803 2055 864 2140 μέν
879 2056 1040 2124 τοιούτων
1055 2059 1235 2146 τετυχηκώς

156 2160 239 2228 σίων
262 2154 358 2227 εἶπον
382 2155 511 2243 ἀρτίως,
537 2158 744 2245 συμβούλους
767 2156 802 2224 δ’
825 2159 905 2241 ἔχων
926 2153 1077 2242 Ἀρχῖνον
1099 2161 1152 2225 καί
1169 2165 1234 2227 Κέ-

157 2264 265 2348 φαλον
289 2259 346 2328 τόν
371 2263 591 2328 Κολλυτέα.
636 2261 787 2346 μέαγάρ
818 2257 899 2347 αύτη
924 2259 1070 2348 σωτηρία
1093 2264 1147 2328 καί
1169 2261 1234 2329 πό·

157 2368 241 2444 λεως
263 2368 317 2430 καὶ
341 2365 462 2442 ἔθνους
485 2363 565 2444 ἐστί,
589 2363 627 2440 τό
650 2366 850 2449 προστατῶν
873 2358 1002 2446 ἀνδρῶν
1019 2359 1157 2448 ἀγαθῶν
1180 2363 1235 2430 καί

157 2466 352 2553 συμβούλων
375 2467 569 2532 σπουδαίων
597 2475 715 2548 τυχεῖν.
761 2466 897 2549 διόπερ,
922 2456 1158 2553 ὦἈθηναίοι,
1183 2466 1285 2538 δεί77

156 2567 261 2636 ταῦθ’
292 2566 377 2653 ὑμᾶς
407 2564 553 2653 ὁρῶντας
582 2567 639 2634 καί
663 2567 897 2651 ,λογιζομένους
930 2566 975 2655 μή
1005 2566 1052 2651 μά
1079 2565 1148 2634 Δία
1175 2567 1233 2636 τόν

158 2672 265 2738 πλείω
293 2669 409 2755 χρόνον
438 2680 497 2759 τῆς
517 2675 762 2756 Δημοσθένους
785 2667 988 2752 δωροδοκίας
1015 2670 1070 2735 καλ
1099 2663 1234 2754 ἀτυχίας

157 2784 336 2854 κοινωνεῖν,
360 2769 440 2861 μηδ’
459 2771 492 2841 ἐν
515 2769 621 2858 τούτῳ
644 2771 704 2850 τὰς
726 2768 866 2850 ἐλπίδας
885 2773 943 2858 τῆς
958 2777 1121 2858 σωτηρίας
1136 2772 1232 2855 ἔχειν,

157 2878 240 2964 μηδέ
270 2878 406 2944 σ’ίεσθαι
429 2874 613 2964 ἀπορήσειν
636 2873 765 2961 ἀνδρῶν
792 2868 930 2958 ἀγαθῶν
959 2873 1015 2942 καί
1037 2873 1232 2958 συμβούλων

157 2983 368 3071 σπουδαίων,
400 2973 483 3046 ἀλλά
504 2976 563 3066 τήν
585 2986 651 3044 τῶν
674 2976 847 3064 προγόνων
871 2977 1033 3063 λαβόντας
1057 2971 1153 3065 ὀργήν
1175 2975 1232 3043 τόν

44 3145 48 3152 ,
159 3078 216 3150 ἐπ’
235 3079 421 3171 αύτοφιύριμ
443 3082 585 3168 κλέπτην
609 3080 801 3167 εἰλημμένον
824 3079 881 3147 καί
899 3079 1078 3166 προδότην,
1102 3078 1159 3146 τὸν
1174 3073 1233 3146 ούκ

158 3180 362 3268 ἀπεχόμενον
391 3187 457 3251 τῶν
487 3183 534 3262 είς
562 3181 621 3273 τήν
649 3183 750 3250 πόλιν
778 3177 1026 3268 ἀφικνουμένων
1047 3179 1231 3268 χρημάτων,

157 3287 215 3354 τὸν
245 3287 293 3365 είς
320 3285 379 3364 τάς
408 3285 599 3364 δεινοτάτας
629 3283 762 3368 ἀτυχίας
792 3283 1018 3370 ἐμβεβληκότα
1039 3281 1097 3371 τήν
1120 3283 1230 3363 πόλιν,

156 3389 215 3459 τόν
243 3393 303 3478 τῆς
328 3385 480 3468 Ἑλλάδος
508 3386 678 3476 ἀλιτήριον
707 3381 966 3466 ἀποκτείναντας
990 3388 1041 3454 δεῖ
1063 3385 1231 3470 ἐξόριστον

158 3491 193 3572 ἐκ
214 3496 272 3582 τῆς
294 3491 426 3569 πόλεως
448 3495 605 3581 ποιήσαι,
635 3493 688 3558 καὶ
711 3488 984 3575 μεταβάλλεσθαι
1006 3487 1065 3578 τήν
1087 3491 1144 3574 τῆς
1166 3486 1232 3554 πό-

226 3733 269 3798 ίό,
288 3736 303 3786 6
321 3729 374 3797 τὴν
392 3767 416 3783 ..
435 3730 473 3794 (st.
492 3730 531 3795 ίν)
548 3725 770 3797 λσνεδαιμοννμο.
787 3728 808 3780 Α
827 3744 878 3796 μμ,
901 3728 968 3780 inter
985 3724 1148 3778 scribendum
1166 3739 1230 3778 corr.

157 3803 192 3855 Δί
204 3831 238 3842 -
249 3804 361 3869 μοῖρανε
381 3814 445 3852 corr.
456 3797 536 3852 Wolf.
548 3827 582 3837 -
594 3803 608 3852 7
621 3802 733 3865 χαυρίατ
745 3795 799 3849 ΑΝ.
818 3824 850 3834 -
868 3795 911 3877 λβ,
924 3799 941 3850 4
954 3797 1011 3847 τοῖο
1022 3795 1043 3845 Α
1055 3808 1102 3859 μα,
1120 3808 1183 3846 corr.
1195 3791 1231 3843 λλ

157 3863 432 3990 ῑιώκυίκ
449 3861 588 3988 κλιίι
599 3868 639 3987 ί·
656 3865 719 3986 λι·
735 3867 815 3986 τις
836 3867 935 3986 ἱκι
952 3859 1231 3997 mm?

158 3941 228 4059 εοτά
240 3955 342 4062 ἐόν-Τ
354 4007 385 4058 10
405 3973 447 4056 δἐἰ
470 4017 570 4056 erasum
587 4002 613 4054 in
630 3973 666 4066 Ἀ,
691 3973 741 4055 οόι.
761 4007 779 4056 ί.
797 3973 830 4041 -’-
850 4003 879 4053 11
897 3969 1107 4066 μεταβαλέσθαι
1124 3996 1179 4051 Αἰ.
1222 3967 1232 3996 '
