2882 4554
217 239 236 300 8
664 239 845 295 ΔΕΙΝΑΡΧΟΥ

216 407 315 494 δότην
343 409 463 488 παῖδες
489 406 545 475 καὶ
573 418 722 494 γυναῖκες
751 408 786 474 αἱ
810 412 965 495 Θηβαίων
995 408 1053 476 έπὶ
1080 407 1139 487 τὰς
1170 405 1291 493 σκηνάς

216 509 477 594 τῶνβαρβάρων
502 508 755 596 διενεμήθησαν,
784 507 884 588 πόλις
904 507 1107 594 ἀστυγεύτων
1129 511 1184 576 καὶ
1207 507 1289 592 σύμ-

216 635 320 697 μαχος
349 611 383 678 ἐκ
409 617 511 700 μέσης
538 614 597 701 τῆς
622 608 778 690 Ἑλλάδος
807 610 1036 700 ἀνήρπασται,
1066 607 1204 696 ἀροῦται
1233 614 1289 678 καί

217 718 389 798 σπείρεται
410 711 449 779 τὸ
467 717 622 799 Θηβαίων
645 711 728 778 ἀστυ
751 715 816 779 τῶν
838 712 1106 800 κοινωνησάντων
1130 709 1206 798 ύμῖν
1229 716 1291 780 τοῦ

216 815 303 901 πρὸς
327 811 502 883 Φίλιππον
525 816 684 900 πολέμου.
729 808 876 900 ἀροῦται,
902 821 997 902 φημί,
1020 817 1074 882 καί
1098 821 1289 900 σπείρεται·

216 920 272 985 καὶ
295 913 353 985 ούκ
373 915 506 1006 ἠλέησε,
538 923 639 1005 φημί,
667 913 685 984 δ
708 917 826 1003 μιαρὸς
849 911 945 997 οὗτος
966 917 1066 985 πόλιν
1089 914 1198 997 οὕτως
1220 917 1289 985 οἷκ-

214 1021 301 1103 τρῶς
323 1013 566 1106 ἀπολλυμένην,
590 1018 637 1098 εἰς
659 1016 698 1108 ἣν
715 1019 932 1103 ἐπρέσβευσεν
948 1015 1009 1106 ἀφ’
1026 1015 1117 1104 ὑμῶν
1137 1017 1289 1086 ἀποστα-
1433 1041 1434 1114 η

216 1122 298 1206 λείς,
330 1114 378 1208 ής
407 1118 618 1206 ὁμόσπονδος
639 1121 694 1187 καὶ
715 1117 944 1207 ὁμοτράπεζος
966 1121 1126 1200 πολλάκις
1147 1127 1288 1216 γέγονεν,

216 1221 255 1313 ἣν
279 1217 377 1302 αὐτός
400 1247 484 1310 φησι
506 1223 676 1308 σύμμαχον
704 1220 782 1308 ὑμῖν
812 1226 971 1312 ποιήσαι,
1003 1219 1087 1291 ἀλλά
1115 1223 1201 1310 πρὸς
1230 1221 1288 1304 οὓς

216 1321 428 1409 εὐτυχοῦντας
451 1325 612 1405 πολλάκις
634 1314 738 1414 ἦλθε,
768 1325 906 1405 τούτους
935 1325 1136 1410 ἀτυχοῦντας
1163 1325 1290 1412 προδό-

163 1433 204 1495 25
216 1428 326 1495 δωκεν.
367 1425 512 1496 κάκεῖνοι
533 1427 638 1517 <μέν>,
662 1424 707 1507 ὡς
730 1428 763 1495 οἱ
784 1428 1003 1515 πρεσβύτεροι
1026 1432 1166 1516 λέγουσι,
1189 1455 1288 1496 κατα·

214 1530 390 1616 λελυμένης
412 1534 472 1617 τῆς
495 1534 715 1618 δημοκρατίας
736 1534 794 1621 τῆς
816 1531 901 1617 παρ’
919 1528 999 1620 ἡμῖν
1019 1536 1071 1600 καί
1089 1533 1287 1618 συνάγοντος

214 1632 247 1700 δν
272 1634 401 1719 Θήβαις
426 1633 662 1718 Θρασυβούλου
694 1631 773 1712 τούς
804 1632 952 1720 φυγάδας
981 1634 1053 1702 ἐπί
1082 1635 1142 1724 τήν
1174 1636 1288 1725 Φυλῆς

212 1733 413 1822 κατάληψιν,
446 1737 500 1801 καὶ
525 1737 803 1819 Λακεδαιμονίων
834 1734 1051 1819 ἰσχυόντων
1079 1738 1134 1804 καί
1156 1731 1287 1825 ἀπαγο-

213 1836 374 1921 ρευόντων
394 1840 518 1924 μηδένα
531 1835 722 1922 Ἀθηναίων
746 1837 975 1922 ἀποδέχεσθαι
996 1836 1075 1926 μηδ’
1093 1837 1285 1922 ἐκπέμπειν,

214 1935 304 2022 ὅμως
326 1938 548 2024 συνέπραττον
571 1941 619 2026 τῷ
641 1939 737 2028 δήμῳ
758 1939 818 2028 τὴν
841 1938 989 2007 κάθοδον
1017 1942 1071 2008 καί
1098 1940 1136 2007 τδ
1159 1941 1287 2009 πολλά-

212 2065 263 2119 κις
291 2038 535 2126 ἀνεγνωσμένον
564 2035 647 2125 παρ’
673 2037 749 2123 ύμῖν
773 2041 983 2129 ἐψηφίσαντο
1006 2041 1184 2130 ψήφισμα,
1219 2044 1287 2133 [μή]

212 2145 372 2228 περιορᾶν
403 2142 458 2210 ἐάν
485 2167 537 2222 τις
565 2139 654 2209 όπλα
684 2143 740 2210 διά
769 2147 826 2230 τής
854 2143 961 2229 χώρας
990 2147 1070 2234 [τῆς]
1092 2142 1286 2233 Ἀθηναίων

162 2251 203 2314 26
215 2244 295 2329 ἀχων
318 2243 515 2332 πορεύηται·
540 2238 637 2324 οὗτος
660 2246 695 2313 δέ
717 2237 736 2312 δ
759 2245 869 2313 κοινὸν
888 2243 986 2314 αύτδν
1001 2252 1074 2326 τοῖς
1090 2247 1284 2333 συμμάχοις,

109 2412 113 2422 ,
213 2343 258 2426 ὦς
280 2341 396 2414 αὐτίκα
419 2347 556 2436 φήσει,
580 2353 732 2433 παρέχων
755 2343 849 2416 οὐδέν
865 2353 1017 2417 τοιοῦτον
1034 2349 1183 2433 ἔπραξεν,
1208 2349 1286 2418 οὐδέ

211 2457 278 2516 τῶν
300 2448 473 2536 χρημάτων
495 2442 543 2517 ὦν
567 2450 683 2536 ἔλαβεν
707 2451 753 2530 εἷς
775 2453 835 2538 τήν
858 2452 984 2520 τούτων
1009 2450 1172 2538 σωτηρίαν
1188 2450 1287 2520 οάδδν

212 2548 360 2639 ήθέλησε
382 2558 562 2638 προέσθαι.
586 2547 629 2620 ὧν
653 2548 762 2638 ὑμεῖς,
798 2543 824 2621 ὦ
847 2552 972 2640 ἀνδρες,
993 2559 1207 2638 μνησθέντες,
1231 2557 1286 2622 καί

211 2652 252 2720 τὰ
276 2648 466 2742 ἀτυχήματα
488 2656 530 2722 τὰ
552 2655 706 2741 γινόμενα
726 2654 786 2723 διά
807 2655 885 2736 τούς
907 2655 1076 2740 προδότας
1094 2653 1287 2748 θεωρήσαν-

210 2779 264 2834 τες
299 2755 331 2823 δν
364 2762 438 2835 ταῖς
464 2755 650 2826 Ὀλυνθίων
684 2761 738 2826 καὶ
772 2762 927 2844 Θηβαίων
957 2764 1162 2846 συμφοραῖς,
1201 2757 1287 2848 ὑπὲρ

210 2854 301 2942 ὑμῶν
323 2856 430 2926 αὐτῶν
453 2855 566 2945 ὀρθῶς
588 2863 657 2928 νυνί
679 2861 894 2947 βουλεύεσθε,
918 2863 971 2928 καί
994 2862 1072 2943 τοὺς
1087 2864 1286 2948 δωροδοκεῖν

211 2959 393 3041 ἐθέλοντας
421 2960 504 3030 κατὰ
532 2966 590 3050 τῆς
618 2965 781 3050 πατρίδος
809 2959 981 3045 ἀνελόντες
1010 2966 1044 3034 δν
1072 2962 1149 3050 ύμῖν
1172 2960 1287 3045 αύτοῑς

210 3231 278 3286 Bibl.
296 3249 321 3300 p.
339 3237 389 3287 447
407 3250 423 3287 ε
442 3237 474 3288 20
492 3234 539 3289 Bk.
562 3263 595 3274 -
620 3240 635 3289 5
653 3233 849 3290 κοινωσάντων
872 3237 895 3288 Α
912 3254 963 3305 pn,
987 3253 1050 3290 corr.
1068 3238 1104 3289 Αι
1126 3267 1159 3278 -
1181 3235 1246 3308 ἡμῖν
1263 3240 1286 3292 Α

211 3368 577 3423 -τοιῖειιευνεεεσιυΑι
602 3370 714 3424 -Ἰυί
774 3367 832 3424 ’τ’
873 3342 1075 3426 λλο”αΑ’
1136 3370 1144 3390 ’
1208 3369 1285 3431 ‘'t.

209 3466 244 3476 -
262 3439 278 3490 9
296 3435 334 3490 οἷς
350 3385 420 3489 ApNt:
439 3453 502 3490 corr.
521 3409 599 3492 Wolnf.
619 3468 653 3478 -
675 3390 789 3507 1οκήάἀά
807 3391 879 3490 [gn-⁰-
897 3391 1031 3506 ποιιήάαιά
1042 3392 1116 3496 Clu-v
1129 3393 1286 3497 ffuvffioae
1388 3485 1391 3494 .

210 3505 233 3557 N
251 3535 285 3544 -
303 3499 460 3574 προδέδωκε
475 3507 517 3559 At.
534 3535 569 3545 -
585 3506 631 3571 25,
647 3512 658 3561 l
677 3509 728 3575 μὲν
745 3508 802 3560 εδδ.
816 3508 925 3573 Βοίδιον,
944 3526 994 3563 σω.
1006 3515 1026 3563 t.
1045 3538 1078 3549 —
1096 3513 1111 3563 3
1133 3506 1244 3581 ,υχάδστ
1262 3511 1285 3561 Α

209 3589 257 3640 μα,
269 3590 333 3628 corr.
345 3574 380 3625 ΑΙ
398 3604 430 3612 -
448 3575 501 3626 δ’τιι
515 3589 577 3626 corr.
591 3575 699 3639 Bekker‚
718 3570 763 3627 διά
775 3594 806 3628 τε
817 3576 861 3631 N2.
878 3605 913 3616 -
931 3575 1111 3642 ίίσχόντωνε
1130 3594 1195 3632 corr.
1205 3578 1283 3632 Wolf.

210 3669 244 3678 -
263 3645 277 3693 7
295 3639 333 3709 μὴ
351 3646 377 3694 εί
395 3643 409 3696 8
427 3642 476 3708 τῆς
485 3641 537 3694 del.
552 3641 655 3710 Sauppe
667 3659 707 3710 ep.
721 3659 755 3696 cr.
767 3646 824 3709 132,
837 3660 937 3698 servav.
949 3651 968 3698 t.
981 3647 1109 3698 decretum
1123 3645 1190 3699 Plut.
1201 3645 1254 3698 Pel.
1267 3649 1284 3698 6

210 3709 253 3769 (cf.
271 3708 380 3778 Lysand.
399 3713 457 3774 2⁵0:
475 3706 524 3762 δάν
541 3726 582 3763 τιτ
597 3707 756 3776 Ἀθηναίων
778 3713 824 3764 ἀντὶ
841 3710 904 3766 ταδί
921 3711 1066 3784 τυρόννουν
1083 3706 1157 3767 ἀπλσ
1174 3709 1220 3767 διά
1237 3713 1285 3778 τῆε

210 3781 347 3830 Βοιωτίας
365 3779 474 3850 κομίζῃ,
497 3773 600 3846 μηδένα
618 3776 745 3832 Βοιωτὸν
767 3775 875 3833 ἀκούειν
896 3777 967 3849 μηδὲ
987 3776 1061 3852 όρᾶν.
1097 3779 1195 3848 μηδέν’
1215 3777 1284 3851 ἀρᾶν

211 3843 357 3910 Schneider,
374 3843 411 3914 μὴ
429 3843 497 3917 ὁρᾶν
515 3845 597 3915 mass,
618 3844 668 3899 ίὰν
686 3843 758 3901 όπλα
775 3844 820 3900 διὰ
839 3850 885 3916 τήν
902 3845 992 3920 χόραι
1008 3865 1049 3902 m
1063 3846 1126 3903 Ἀθ.
1140 3849 1231 3916 Vogel.
1249 3875 1285 3888 -—

210 3912 257 3977 26,
276 3916 288 3966 1
308 3908 405 3966 αδτδνε
423 3931 487 3970 σοιν.
499 3914 578 3968 A¹N¹.
595 3944 629 3954 —
648 3918 662 3968 2
681 3919 760 3984 φησίε
780 3933 844 3972 corr.
854 3918 929 3972 wolf
941 3947 975 3958 --
993 3917 1079 3970 malim
1097 3914 1196 3986 (ἀλλ’)
1213 3913 1283 3970 ου’δδ.

207 4009 245 4022 -
262 3983 277 4033 5
295 3977 448 4052 προδόντας
466 3984 488 4034 Α
505 3999 552 4052 με,
569 3997 656 4037 rasura
674 3999 738 4037 corr.
