2864 4556
244 208 284 266 14
692 207 874 262 ΔΕΙΝΑΡΧΟΥ

241 373 343 460 χίλιοι
364 377 569 460 μέδιμνοι
591 384 650 442 τοῦ
673 375 824 444 ένιαυτοῦ
845 379 959 460 πυριῦν
976 373 1248 456 ἀποστέλλονται,
1271 403 1318 464 τῳ

192 489 233 549 44
243 472 318 545 σῦδ’
343 475 424 545 ῦποι
445 478 614 565 καταφύγῃ
639 475 755 545 αῦτίκα
778 477 919 565 φίσοντι
942 471 1045 562 effron,-
1079 471 1160 566 ἢτὸ
1183 477 1312 563 γράψαι
1417 511 1418 516 “

245 572 480 669 Ταυροσθένην
506 577 688 667 Ἀθηναῖον
720 573 820 659 εἶναι,
848 580 927 658 τοὺς
953 579 1012 664 μὲν
1042 575 1142 648 αὑτοῦ
1170 579 1311 658 πολίτας

240 682 591 766 καταδουλωσάμενον,
621 685 680 769 τῆς
703 680 737 748 δ’
761 678 908 768 Εὖβοίας
929 679 1007 768 ὅλης
1028 682 1112 765 μετὰ
1133 685 1192 748 τοῦ
1215 677 1312 749 ἀδελ-

241 789 307 871 φοῦ
337 786 484 852 Καλλίου
519 784 685 870 προδότην
722 785 888 873 Φιλίππῳ
922 790 1150 871 γεγενημένους
1185 782 1221 851 ὃν
1254 780 1311 852 σῦκ

241 889 340 956 ίιῦσιν
371 887 404 954 οἱ
433 887 530 970 νόμοι
559 891 615 972 τῆς
641 885 829 972 Ἀθηναίων
857 887 965 972 χώρας
991 887 1191 972 ἐπιβαίνειν,
1223 888 1252 954 εί
1274 889 1310 954 δὲ

241 990 302 1076 μή,
331 1003 403 1069 τοῖς
433 983 545 1067 αῦτσῖς
575 989 685 1072 ένοχσν
715 985 799 1058 εἶναι
826 986 1013 1057 κελεύουσιν
1044 985 1163 1075 οἷσπερ
1194 988 1233 1056 ἀν
1258 1015 1311 1069 τις

240 1095 305 1160 τῶν
333 1090 521 1177 φευγόντων
550 1091 585 1171 ἐξ
609 1091 741 1176 Ἀρείου
763 1091 873 1177 πάγου
896 1098 999 1179 κατίῃ.
1036 1093 1091 1158 καί
1113 1094 1229 1159 τοῦτον
1253 1085 1310 1157 οδ-

188 1202 229 1262 45
239 1219 297 1273 τος
325 1191 342 1260 ό
374 1194 548 1279 δημοτικός
576 1191 732 1279 ῦμέτερον
766 1196 890 1279 ἔγραψε
918 1197 1057 1283 πολίτην
1086 1188 1180 1261 εἶναι.
1231 1195 1309 1278 περί

238 1296 363 1364 τούτων
387 1283 445 1363 οῦν
466 1297 632 1383 μάρτυρας
653 1291 730 1379 ῦμῖν
754 1297 805 1363 δεῖ
825 1298 946 1376 καλεῖν,
969 1290 990 1386 ἢ
1012 1297 1176 1381 περὶτῶν
1200 1295 1309 1362 ἀλλων

240 1394 338 1477 ὅσους
369 1391 465 1477 οὗτος
497 1403 639 1484 γέγραφε
671 1396 850 1481 προξένους
888 1391 972 1464 εἶναι
1007 1401 1061 1464 καὶ
1087 1393 1289 1484 Ἀθηναίους
1297 1426 1309 1479 ,·

186 1517 215 1568 96
235 1496 357 1589 (dra),
393 1499 478 1582 πρὸς
505 1503 565 1586 τῆς
590 1499 595 1584 Ι
618 1497 782 1586 Ἀθηνᾶς,
810 1498 927 1565 οίεσθε
950 1497 1048 1566 αῦτδν
1072 1493 1226 1584 ἀργύριον
1248 1500 1307 1584 μὲν
1352 1587 1355 1592 .

236 1609 360 1686 χαίρειν
390 1601 615 1685 λαμβάνοντα,
646 1608 784 1687 χρυσίου
816 1598 849 1665 δ’
881 1601 986 1668 ε’ίκοσι
1014 1600 1159 1668 τάλαντα
1187 1598 1246 1668 σῦκ
1268 1595 1308 1668 ἀν

236 1707 349 1791 λαβεῖν
356 1734 368 1788 ,·
390 1701 412 1789 ἢ,
432 1704 515 1772 κατὰ
536 1703 653 1790 μικρὸν
675 1703 734 1788 μὲν
757 1705 964 1788 δωροδοκεῖν,
989 1697 1116 1787 ἀθρόον
1136 1699 1168 1770 δ’
1188 1701 1245 1772 οῦκ
1268 1700 1308 1772 ἀν

235 1807 492 1889 προσδέξασθαι
513 1814 705 1874 τοσοῦτον
727 1808 838 1894 λῆμμα
846 1835 857 1890 ,·
879 1800 900 1895 ἢ
923 1806 981 1873 τίν
1004 1806 1039 1886 ἐξ
1048 1801 1179 1892 Ἀρείου
1195 1806 1305 1892 πάγου

233 1908 354 1998 βουλην
382 1915 602 1996 Δημοσθένην
630 1911 683 1976 καλ
713 1908 872 1996 Δημάδην
900 1911 952 1976 καί
980 1912 1230 1996 Κηφισοφῶντα
1253 1911 1308 1997 ζη-

233 2013 382 2100 τήσασαν
406 2015 441 2092 ἓξ
461 2014 565 2099 μῆνας
587 2011 709 2090 ἀδίκως
732 2011 779 2090 εἰς
800 2007 885 2095 ῦμᾶς
907 2015 1123 2097 πεποιῆσθαι
1143 2011 1202 2090 τὰς
1218 2011 1306 2079 ἀπο-

231 2116 352 2202 φάσεις
359 2143 371 2199 ,·

182 2225 223 2289 46
319 2219 456 2296 Πολλοί,
481 2207 506 2282 ὦ
528 2214 658 2301 ἀνδρες,
682 2217 803 2283 πολλοὶ
825 2218 891 2283 τιῦν
913 2218 1060 2283 πολιτῶν
1082 2218 1135 2283 καί
1157 2220 1224 2284 τῶν
1247 2215 1307 2285 ἀλ-

234 2321 299 2387 λων
319 2314 490 2409 Ἑλλήνων,
514 2315 596 2403 ὅπερ
619 2321 673 2385 καὶ
697 2317 859 2404 πρότερον
883 2313 988 2400 εἶπον,
1011 2322 1196 2405 θεωροῦσιν
1219 2317 1306 2401 ῦμᾶς

233 2423 307 2500 πῶς
329 2423 444 2488 τοῦτον
468 2420 617 2488 δικάσετε
639 2420 696 2487 τόν
720 2418 846 2505 ἀγῶνα,
884 2423 937 2487 καῖ
967 2420 1108 2503 πότερον
1132 2419 1305 2505 εἰσαγωγί-

231 2549 315 2608 μους
336 2525 391 2591 καί
412 2523 472 2603 τὰς
493 2526 559 2591 τῶν
582 2521 689 2591 ἀλλων
714 2524 916 2609 δωροδοκίας
937 2519 1110 2612 ποιήσετε,
1142 2514 1164 2609 ἢ
1187 2516 1304 2608 ἀνέδην

233 2625 364 2704 ἐξέσται
387 2628 477 2711 διῖρα
499 2626 679 2711 λαμβάνειν
700 2624 783 2693 καθ’
807 2624 898 2710 ὑμῶν
920 2631 975 2691 καί
996 2622 1038 2689 τά
1060 2623 1223 2710 πρότερον
1246 2628 1305 2700 δυ,-

231 2730 351 2794 κσῦντα
373 2729 479 2795 πιστά
506 2732 559 2796 καί
588 2735 708 2815 βέβαια
737 2723 820 2795 εἶναι
843 2734 901 2793 νῦν
923 2723 1053 2793 ἀπιστα
1075 2725 1131 2793 διὰ
1153 2726 1211 2814 τὴν
1232 2732 1304 2815 Δη-

230 2834 418 2912 μοσθένους
439 2827 546 2913 κρίσιν
568 2830 753 2919 γενήσεται,
783 2825 827 2893 δν
856 2827 890 2894 ἐκ
917 2835 983 2896 τῶν
1007 2825 1114 2896 ἀλλων
1137 2837 1302 2916 προσῆκεν

230 2927 442 2998 ἀπολωλέναι
467 2938 532 2997 τιῐν
554 2931 844 3013 πεπολιτευμένων
867 2923 966 3016 αῦτηῖ,
997 2927 1034 3010 ὃς
1056 2926 1205 3010 ἁπάσαις
1226 2936 1303 3010 ταῖς

230 3030 328 3118 ἀραῖς
355 3037 430 3110 ταῖς
458 3032 491 3099 έν
519 3039 560 3118 τῇ
586 3031 685 3098 πόλει
713 3038 919 3117 γινομέναις
947 3033 1060 3115 ίνοχος
1087 3037 1299 3120 καθέστηκεν,

179 3134 443 3223 47έπιωρκηκώς
473 3134 532 3219 μὲν
560 3134 619 3212 τὰς
647 3134 769 3217 σεμνὰς
796 3135 882 3214 θεάς
910 3134 943 3204 έν
970 3132 1091 3223 Ἀρείω
1120 3135 1217 3224 πάγῳ
1246 3139 1299 3203 καὶ

228 3237 305 3317 τοὺς
327 3235 447 3317 ἀλλους
469 3237 572 3318 θεοδς
594 3235 652 3317 οῦς
675 3237 740 3305 ἐκεῖ
762 3237 965 3322 διόμνυσθαι
982 3236 1122 3322 νόμιμόν
1139 3239 1220 3318 ἐστι,
1242 3265 1300 3305 κα-

296 3484 312 3534 9
334 3474 526 3560 μόδιοιτισοπ.
546 3477 655 3532 Gibbon.
679 3509 713 3519 -
737 3482 768 3560 19
785 3469 880 3562 ἀπηἈ
899 3508 931 3560 -ῑ
949 3476 1091 3565 καταφυγὴ
1109 3479 1139 3534 N.
1162 3508 1195 3518 —
1217 3479 1263 3544 44,
1285 3483 1298 3535 1

226 3545 610 3670 λίίλίλλλλλΐωίλ
627 3546 1024 3669 Ῑίτίὲίίῖλλλλλὶῖ
1040 3547 1299 3668 ῖίίίίλὶλΒλῒ

227 3654 300 3737 -18
324 3680 403 3753 (διδ)
425 3685 456 3735 Δ.
473 3653 555 3739 Βλτεε.
578 3654 617 3722 -’
634 3683 680 3748 46,
701 3687 713 3738 1
737 3681 817 3766 ζειαί)
834 3683 894 3736 τῶν
910 3653 940 3736 πί
958 3683 1030 3736 malit
1047 3682 1129 3736 Blass.
1147 3657 1182 3722 ’-
1198 3686 1214 3736 3
1229 3655 1298 3751 'ned-⁸

227 3769 307 3820 τερον
324 3753 347 3802 Α
364 3767 415 3818 pr„
439 3766 523 3805 rasura
543 3767 606 3804 corr.
628 3781 663 3792 -
685 3755 701 3805 4
718 3767 767 3803 ταε
783 3747 853 3803 κατά
870 3751 929 3805 τοῖν
946 3751 978 3817 N,
996 3752 1027 3804 cf.
1046 3751 1064 3802 C
1082 3767 1107 3819 p.
1123 3753 1153 3805 12
1170 3780 1204 3790 -
1221 3746 1298 3803 ἀναί-

228 3815 279 3886 δην
296 3819 327 3872 N.
345 3826 409 3875 -7
429 3806 471 3872 ὧν
487 3820 532 3874 ΝΑ
549 3835 595 3887 υτ,
613 3820 639 3871 in
657 3821 678 3871 Α
697 3835 783 3873 rasura
802 3835 865 3873 corr.
883 3850 917 3859 -
935 3823 951 3874 9
968 3822 1134 3892 γενομένοισι
1154 3835 1218 3872 corr.
1230 3817 1298 3870 Bek-

227 3887 274 3940 ker
294 3917 328 3926 -
347 3905 443 3944 ....οτ
463 3889 484 3940 Α
502 3903 553 3955 pn,
574 3890 665 3952 ένοχατ
682 3888 724 3940 ΑΙ.
748 3918 781 3927 -
810 3887 852 3953 47,
872 3892 884 3941 1
904 3885 1064 3956 έπιυρκικδι
1080 3887 1103 3939 N
1120 3903 1173 3954 pr.‚
1197 3889 1297 3957 ἐπιωρ-

227 3953 308 4008 κικώτ
325 3955 368 4021 Νῑ,
385 3953 551 4028 ιπωρκηκάτ
567 3957 649 4023 Δρι,
667 3972 730 4010 corr.
742 3955 821 4010 N2A2.
839 3986 872 3995 -
891 3959 906 4010 2
924 3953 986 4009 τοῦτ
1003 3971 1077 4023 supra
1096 3970 1199 4008 versum
1216 3955 1259 4012 λ’.
