2882 4554
226 287 265 344 ιε
589 341 593 347 ,
674 287 856 342 ιειυιεισι
925 344 929 355 ,

225 481 287 539 μον
312 455 448 549 λαβόντι
469 458 524 522 καὶ
538 455 710 545 Μεθώνην
733 459 786 523 καί
803 453 936 522 Πύδναν
960 453 1014 520 καὶ
1033 458 1219 524 Ποτίδαιαν
1241 461 1296 525 καί

225 558 312 645 πρὸς
333 558 470 637 ταύταις
492 559 606 644 ἑτέρας
629 561 734 626 ε’ίκοσι
756 556 884 637 πόλεις,
906 552 1000 624 οὐδὲν
1023 558 1148 625 τούτων
1173 557 1297 625 ἀπόλο-

224 686 280 748 γον
303 662 540 750 ποιησόμενοι,
571 656 651 729 οὐδὲ
678 665 735 750 τής
764 659 840 728 τότε
867 659 1047 748 ἐνεστώσης
1076 667 1213 745 κρίσεως
1241 664 1296 730 καί

224 772 289 829 τῶν
312 759 416 847 ὅρκων
440 761 496 842 οὓς
520 759 728 848 ὀμωμοκότες
752 770 868 850 φέρετε
888 763 947 852 τήν
967 766 1086 850 ψῆφον
1102 758 1296 831 ἀντικαταλ-

225 865 402 949 λαξάμενοι
424 865 483 944 τὰς
506 867 700 952 τηλικαύτας
723 861 916 952 εὐεργεσίας,
940 859 1014 931 ἀλλ’
1040 866 1155 933 ἑκατὸν
1177 866 1296 933 ταλάν-

224 994 289 1034 των
305 969 510 1058 τιμήσαντες,
534 964 586 1035 ότι
602 964 743 1054 χρήματ’
761 963 860 1035 αὐτόν
880 967 1090 1054 Ἀριστοφῶν
1114 969 1178 1056 έφη
1202 970 1296 1051 παρὰ

174 1078 318 1141 18Χίων
352 1071 523 1156 εἰληφέναι
553 1070 608 1138 καὶ
626 1067 775 1154 Ῥοδίων,·
809 1071 865 1136 τὸν
896 1071 931 1137 δέ
960 1069 1079 1154 μιαρόν
1111 1069 1294 1154 ἀνθρωπον

223 1176 275 1239 καὶ
299 1173 482 1261 προδότην,
518 1171 554 1240 ὃν
582 1168 639 1257 ούχ
667 1169 714 1253 εἷς
737 1168 816 1260 ἀνήρ
840 1170 924 1239 ἀλλά
946 1181 1040 1240 πᾶσα
1064 1169 1083 1261 ή
1108 1173 1145 1253 έξ
1162 1172 1293 1257 Ἀρείου

222 1274 332 1359 πάγου
361 1276 463 1365 βουλή
494 1274 659 1366 ζητήσασα
687 1273 909 1363 ἀποπέφαγκε
933 1273 1089 1362 χρήματ’ν
1104 1276 1186 1358 ’έχειν
1208 1270 1292 1342 καθ’

222 1375 329 1461 ὑμῶν,
361 1375 398 1456 ὃς
420 1376 537 1445 οάσίαν
560 1381 640 1461 έχων
667 1379 796 1466 πολλήν
825 1379 878 1444 καλ
907 1378 1039 1444 παίδων
1068 1373 1212 1459 ἀρρένων
1236 1369 1295 1445 σύκ

224 1476 326 1546 όντων
343 1480 442 1567 αὐτῷ,
464 1480 519 1547 καὶ
536 1478 668 1558 οὐδενός
691 1478 792 1546 ἀλλου
816 1479 971 1561 δεόμενος
994 1472 1040 1544 ὦν
1062 1472 1137 1567 (ἀν)
1161 1476 1295 1563 ἀνθρω-

222 1607 288 1660 πος
309 1587 443 1666 μέτριος
466 1583 619 1670 δεηθείη,
650 1578 707 1649 οάκ
729 1581 891 1665 ἀπέσχετο
913 1578 1086 1667 χρημάτων
1112 1582 1293 1665 διδομένων

223 1685 306 1751 κατὰ
328 1692 388 1773 τῆς
411 1686 582 1769 πατρίδος,
606 1680 679 1752 οὐδ’
697 1683 915 1768 ἀπεκρύψατο
937 1684 996 1773 τήν
1020 1685 1165 1768 ἔμφυτον
1188 1708 1294 1768 πονη-

221 1793 305 1870 ρίαν,
330 1781 405 1853 ἀλλ’
424 1784 532 1855 ἀνεῖλε
554 1792 666 1856 πᾶσαν
688 1785 747 1877 τήν
769 1792 980 1873 γεγενημένην
1002 1782 1092 1872 αύτῷ
1107 1785 1192 1870 πρὸς
1207 1782 1293 1868 ὑμᾶς

221 1895 345 1969 πίστιν,
369 1891 423 1955 καὶ
447 1884 498 1968 οἷς
520 1889 682 1975 πρότερον
707 1891 769 1976 ἔφη
795 1888 1028 1977 διαφέρεσθαι,
1052 1886 1139 1969 πρὸς
1154 1884 1293 1966 τούτους

221 1990 330 2070 ἔταξεν
354 1987 462 2071 αύτόν,
486 1990 541 2058 καὶ
563 1990 727 2076 ἐξήλεγξεν
751 1988 852 2058 αὑτοῦ
873 1991 931 2075 τήν
947 1995 1181 2078 προσποίητον
1196 1991 1292 2055 καλο-

220 2079 384 2177 κάγαθίαν
408 2089 460 2159 ότι
483 2094 610 2181 ψευδής
631 2082 679 2182 ἦν.

173 2204 210 2265 19
298 2192 343 2261 ιἈ
364 2195 422 2284 χρὴ
446 2197 683 2281 λογισαμένους
706 2192 789 2279 ὑμᾶς
810 2195 948 2275 πάντας,
977 2186 1003 2260 ιῖ
1021 2188 1214 2278 Ἀθηναῖοι,
1236 2190 1291 2258 καὶ

219 2303 284 2361 τιῦν
308 2296 484 2381 παρόντων
505 2301 627 2383 καιρῶν
650 2293 933 2381 ἀναμνησθέντας,
957 2300 991 2362 οἳ
1012 2303 1158 2374 πίστεως
1174 2291 1211 2360 ού
1227 2295 1289 2360 δω-

162 2454 166 2464 .
219 2397 372 2482 ροδοκόας
395 2401 541 2480 δέονται,
571 2405 681 2484 μισεῖν
707 2399 784 2479 τούς
806 2399 989 2488 πονηρούς,
1017 2393 1146 2466 ἀνελεῖν
1176 2397 1210 2464 ἐκ
1230 2403 1288 2482 τῆς

219 2504 439 2582 πολιτείας
456 2501 502 2570 ’τά
525 2508 662 2571 τοιαῦτα
685 2509 799 2588 θηρία,
822 2506 875 2569 καλ
900 2504 1007 2581 δεῖξαι
1028 2504 1133 2568 πᾶσιν
1156 2496 1289 2582 ἀνθρώ-

218 2627 298 2681 ποις
327 2600 379 2671 ύτι
407 2603 446 2672 ού
477 2607 742 2692 συνδιέφθαρται
770 2605 808 2672 τὸ
837 2612 898 2672 τοῦ
927 2601 1030 2694 δήμου
1059 2605 1193 2690 πλῆθος
1221 2602 1288 2666 τῶν

218 2705 364 2791 ῥητόρων
387 2709 440 2773 καλ
463 2711 528 2775 τῶν
550 2712 738 2796 στρατηγῶν
761 2733 858 2793 τισιν,
882 2702 958 2774 ούδὲ
980 2705 1127 2774 δουλεύει
1144 2713 1218 2782 ταῖς
1234 2701 1289 2770 δό-

219 2811 300 2887 ξαις,
336 2808 460 2887 εἰδότες
483 2806 535 2878 ότι
557 2813 641 2892 μετὰ
662 2814 723 2895 μὲν
747 2803 955 2896 δικαιοσύνης
976 2807 1031 2875 καὶ
1054 2816 1112 2897 τῆς
1129 2805 1214 2893 πρὸς
1229 2799 1289 2871 ἀλ-

217 2910 335 2999 λήλους
358 2906 514 2994 ὁμονοίας
537 2913 659 2999 ῥᾳδίοις
682 2907 907 2996 ἀμυνούμεθα,
938 2914 1028 2979 θεῶν
1051 2911 1149 2978 ἵλεων
1172 2908 1286 2988 όντων,

217 3009 274 3078 ἒάν
296 3038 382 3090 τινες
405 3001 501 3102 ήμῑν
525 3009 645 3092 ἀδίκως
668 3015 900 3095 έπιτίθωνται,
923 3012 1006 3096 μετὰ
1029 3014 1065 3080 δὲ
1085 3011 1288 3097 δωροδοκίας

216 3113 271 3180 καὶ
293 3116 478 3197 προδοσίας
500 3118 552 3184 καὶ
575 3124 640 3183 τῶν
664 3111 788 3200 ὁμοίων
810 3117 941 3196 τούτοις
955 3116 1071 3195 κακῶν,
1094 3111 1202 3190 ἀτοῖς
1216 3136 1288 3180 τοι-

217 3215 327 3294 ούτοις
356 3209 553 3303 ἀνθρώποις
575 3219 764 3302 πρόσεστιν,
788 3218 932 3305 οὐδεμί’
957 3217 1003 3286 ἀν
1025 3216 1124 3294 πόλις
1146 3219 1287 3300 σωθείη.

284 3393 299 3441 Ἶ
319 3384 450 3456 λαβὸίτθθ
467 3390 510 3444 A’·
532 3421 566 3432 -
590 3396 621 3446 10
639 3384 721 3460 ὅρκον
739 3394 760 3444 A
778 3410 829 3462 pr„
853 3409 917 3447 corr.
936 3390 980 3444 A¹.
1002 3421 1034 3432 —
1061 3394 1091 3445 11
1110 3390 1237 3460 ἐργασίαι
1253 3387 1286 3442 Ν.

215 3487 249 3496 -
268 3457 312 3522 18,
333 3461 345 3510 1
374 3451 450 3508 ἀναν
473 3459 491 3510 1.
509 3473 530 3512 e.
556 3453 722 3530 ἀνθρώπων
745 3464 766 3514 A
784 3479 835 3530 pn,
860 3477 923 3513 corr.
941 3461 984 3513 A2.
1002 3487 1036 3498 -
1054 3461 1069 3511 3
1088 3455 1178 3527 πάγου
1195 3470 1246 3508 om.
1263 3457 1287 3507 A

214 3541 261 3644 ξε
274 3525 331 3578 ΜΝ·
341 3526 384 3580 ΑΕ
403 3555 434 3564 -
454 3529 471 3578 4
488 3524 575 3581 πολὺν
587 3530 609 3580 A
622 3545 668 3596 pr„
687 3545 750 3586 corr.
761 3531 802 3583 A¹.
822 3560 851 3568 -
872 3533 887 3581 5
900 3523 976 3593 αύτῷ
989 3526 1114 3579 Bekkert
1132 3554 1164 3562 —
1181 3519 1216 3605 ἀν
1228 3522 1286 3575 εδδ.

240 3591 326 3646 ekkeh
344 3623 377 3632 ··
397 3596 412 3648 8
431 3585 503 3660 αὐτῷ
520 3594 573 3647 ΑΝ.
592 3626 625 3636 -
644 3601 659 3652 9
682 3596 720 3650 ele
737 3615 786 3651 om.
804 3598 827 3649 A
844 3614 898 3664 pn,
921 3596 978 3648 add.
996 3594 1039 3648 A¹.
1057 3623 1090 3632 -
1110 3597 1141 3647 10
1159 3588 1245 3642 αυτὸν
1263 3591 1287 3642 N

235 3679 267 3724 su
291 3677 354 3714 ⁰⁰1¹·
373 3662 409 3714 Ν1
432 3691 465 3700 -
492 3659 575 3715 αὐτοῦ
596 3665 631 3730 A,
656 3682 705 3719 om.
724 3667 796 3719 Turr.
819 3695 853 3704 -
879 3668 908 3720 11
935 3664 1025 3718 deesse
1043 3662 1167 3730 quaedam
1186 3660 1286 3711 censuit

149 3781 153 3792 ,
215 3677 343 3794 Achmidt,
364 3730 464 3782 τοῦτον
486 3725 517 3782 ού
534 3729 754 3802 τιμωρησόμενοι
771 3729 944 3804 παράδειγμα
960 3728 1088 3797 ποιήσετε
1104 3731 1161 3783 τοῖε
1179 3723 1285 3789 mone,-

215 3798 373 3863 suppleverit
391 3797 528 3854 Maetzner.
551 3829 586 3838 —
606 3799 683 3866 '121
708 3799 813 3856 πάνταε
831 3818 881 3855 om.
898 3801 941 3856 At.
964 3829 998 3838 -
1022 3802 1037 3851 2
1060 3793 1286 3863 ἀναμνησθέντες

212 3865 235 3916 A
254 3879 300 3930 pn,
318 3881 382 3918 corr.
400 3867 436 3918 A¹
453 3892 486 3906 -·-
510 3861 553 3920 δτι
570 3873 688 3922 πίστεων
706 3870 813 3923 Debree.
834 3900 868 3908 —
893 3873 908 3923 3
932 3874 963 3921 εκ
980 3868 1027 3934 τήν
1044 3862 1149 3920 πόλεως
1166 3864 1197 3918 N.
1216 3891 1250 3901 -
1268 3866 1285 3916 6

214 3928 350 3987 δουλεύειν
367 3934 426 3987 Ald.
443 3965 476 3974 -
496 3941 509 3990 7
528 3933 634 3989 είδόταε
652 3936 708 3990 Ald.
727 3966 761 3977 —
779 3935 872 3996 ἀλλους
888 3938 911 3989 A
928 3954 974 4005 pn,
994 3951 1057 3988 corr.
1073 3932 1115 3985 A¹.
1133 3961 1167 3972 -
1185 3935 1200 3986 8
1218 3923 1285 4017 ἀγυ-

213 3998 323 4068 '‘wo“
340 4001 422 4122 Agr„
441 4020 505 4057 corr.
517 4005 560 4057 A¹.
578 4034 611 4043 —
630 4007 645 4058 9
664 4021 735 4058 τινες
751 4000 831 4074 ύμῶν
848 4005 893 4057 ΝΑ
906 4021 953 4074 pr„
972 4019 1035 4057 corr.
1048 4001 1089 4053 A'.
1108 4030 1140 4038 —
1161 4003 1190 4054 11
1210 3997 1287 4053 ουδε·

212 4075 275 4136 μίας
294 4085 357 4124 corr.
399 4071 486 4126 ekker.
