2882 4554
240 286 282 346 34
591 340 592 343 ,
692 286 874 339 ΔΕΙΝΑΡΧΟΥ

241 461 444 542 Κτησίππου
470 452 536 522 καί
550 451 745 539 Φορμίωνος
767 458 820 521 καὶ
846 455 964 538 ἑτέρων
988 456 1120 522 πολλῶν
1143 457 1313 524 πλουσιώ-
1417 495 1418 534 ,

241 583 340 625 τατον
363 554 441 624 όντα
463 561 529 624 τῶν
552 556 584 623 ἓν
607 559 648 644 τῇ
671 557 784 638 πόλει,
817 550 892 624 ἀντὶ
919 555 952 622 δ’
977 551 1121 642 ἀγνῶτος
1141 561 1194 625 καὶ
1219 558 1313 626 οὐδε·
1417 547 1418 568 ¹

240 667 319 744 μίαν
348 659 509 744 πατρικὴν
538 659 636 738 δόξαν
663 659 756 743 παρά
778 663 844 726 τῶν
868 660 1040 744 προγόνων
1062 660 1309 748 παρειληφότος

241 762 372 840 ἐ’νδοξον
394 766 613 847 γεγενημένον,
637 759 695 848 τὴν
719 761 754 828 δὲ
778 760 880 826 πόλιν
904 759 963 826 οόκ
986 756 1085 840 ἀξίως
1103 761 1218 848 ἑαυτῆς
1235 761 1309 829 οδδλ
1417 751 1418 768 ¹

239 867 300 950 τῆς
322 865 387 929 τ’ῶν
410 861 582 947 προγόνων
605 859 702 947 δόξης
725 862 939 947 διακειμένην.
986 855 1123 948 ἀφέντες
1151 853 1207 930 οὗν
1236 864 1311 943 τοὺς
1417 865 1418 894 ³

241 965 353 1042 έλέους
375 967 428 1030 καὶ
444 964 519 1042 τοὺς
535 961 756 1049 φενακισμοός
779 963 856 1042 τούς
880 963 997 1029 τούτου
1020 962 1078 1051 τήν
1102 961 1223 1032 δσίαν
1245 969 1313 1032 καὶ
1417 1013 1418 1060 l

242 1069 410 1133 δικαίαν
441 1072 557 1152 φέρετε
586 1069 721 1151 ψῆφον,
758 1065 814 1132 καὶ
850 1070 1006 1132 σκοπεῖτε
1039 1064 1078 1130 τό
1106 1070 1147 1154 τῇ
1176 1073 1313 1152 πατρίδι
1417 1117 1418 1126 ¹

243 1174 421 1255 συμφέρον,
444 1169 489 1257 μὴ
511 1168 550 1232 τὸ
572 1168 804 1255 Δημοσθένει·
828 1176 926 1242 τοῦτο
949 1167 1009 1253 γάρ
1033 1168 1103 1235 ἔστι
1125 1169 1232 1236 καλῶν
1254 1165 1314 1237 κά·
1417 1165 1418 1208 ³

170 1274 358 1355 112γαθῶν
381 1273 542 1336 δικαστῶν
566 1271 667 1355 ἐ’ργον.
705 1270 760 1337 καὶ
784 1267 862 1336 ὅταν
886 1264 1047 1358 ἀναβαίνῃ
1069 1297 1120 1350 τις
1136 1275 1314 1363 συνηγορή-
1417 1309 1418 1358 η

243 1397 309 1439 οων
335 1378 563 1459 Δημοσθένει,
595 1373 767 1457 λογίζεσθε
799 1368 852 1437 ότι
882 1367 979 1452 οὗτος
1011 1369 1028 1438 δ
1059 1371 1255 1458 ἅνθρωπος,
1287 1377 1319 1443 εί
1417 1359 1418 1378 ¹

242 1475 302 1560 μὲν
324 1476 367 1563 μη
393 1475 505 1558 ένοχος
528 1468 573 1540 ὢν
596 1479 670 1552 ταῖς
687 1474 886 1556 μελλούσαις
903 1470 1116 1561 ἀποφάσεσιν
1132 1471 1312 1562 ἀναβαίνει,

242 1578 399 1655 κακόνους
422 1563 489 1644 έστλ
513 1579 554 1663 τῇ
578 1578 741 1662 πολιτείᾳ,
767 1577 937 1654 καὶτοὺς
960 1577 1018 1643 ἐπὶ
1039 1580 1085 1664 τῷ
1110 1579 1202 1666 δημῳ
1225 1583 1313 1663 δῶρα

243 1678 469 1763 λαμβάνοντας
492 1673 531 1744 οὗ
552 1678 752 1762 βουλόμενος
776 1679 866 1764 δίκην
889 1681 1014 1756 δοῦναι,
1043 1681 1098 1744 καὶ
1120 1678 1177 1768 τήν
1200 1681 1314 1768 κοινὴν

241 1785 308 1848 τῶν
331 1776 499 1862 ἀμετέρων,
519 1779 680 1862 σωμάτων
710 1780 873 1865 φυλακην,
903 1773 960 1865 ἐφ’
985 1773 1006 1868 ᾗ
1036 1786 1188 1847 τέτακται
1216 1781 1254 1846 τὸ
1278 1783 1311 1848 έν

238 1877 358 1968 Ἀρείῳ
381 1878 478 1966 πάγῳ
502 1882 682 1964 συνέδριον,
706 1882 934 1969 καταλυθῆναι
955 1881 1110 1964 βούλεται
1131 1885 1184 1948 καὶ
1202 1906 1314 1965 συγκε·

240 1984 368 2086 χόσθρι
402 1983 512 2048 πάντα
541 1983 583 2049 τὰ
610 1982 644 2050 ἐν
673 1986 712 2069 τῇ
741 1982 839 2050 πόλει
869 1986 995 2049 δίκαια·
1031 1979 1060 2051 εί
1089 1986 1124 2051 δὲ
1154 1985 1262 2074 ῥήτωρ
1292 1978 1313 2075 ἢ

244 2083 433 2171 στρατηγός,
467 2089 500 2150 οἳ
521 2084 578 2171 τὴν
602 2086 878 2172 προσδοκωμένην
900 2083 982 2152 καθ’
1007 2083 1115 2153 αὑτων
1137 2086 1311 2174 ἀπόφασιν

245 2188 388 2256 ἄπιστον
399 2186 596 2272 βουλόμενοι
612 2187 771 2270 γενέσθαι
786 2175 1030 2274 αυνηγοροάσιν,
1056 2184 1093 2254 οὔ
1113 2195 1314 2272 προσεκτέον

244 2285 321 2372 ὖμῖν
345 2289 415 2354 ἐστι
436 2293 508 2366 τοῖς
529 2287 653 2355 τούτων
677 2287 796 2373 λόγοις,
821 2288 949 2366 εἰδότας
968 2286 1020 2355 ότι
1035 2289 1069 2357 έκ
1085 2291 1219 2358 πάντων
1233 2290 1311 2357 τοό-

243 2417 309 2460 των
337 2397 555 2476 γεγένηται
581 2398 733 2475 συνεργία
755 2393 830 2474 περὶ
854 2392 911 2458 τὸν
931 2388 1102 2477 Ἁρπάλου
1124 2393 1312 2459 κατάπλουν

171 2494 299 2562 113καλ
314 2495 372 2580 την
388 2491 518 2580 ἀφεσιν.
556 2500 749 2574 νομίσαντες
771 2483 838 2572 οάν,
863 2479 890 2559 ὦ
911 2490 1101 2582 Ἀθηναῖοι,
1123 2492 1205 2560 καθ’
1222 2490 1315 2576 ἀμῶν

245 2595 374 2674 πάντας
396 2595 531 2674 τούτους
554 2590 742 2679 ἀναβαίνειν
765 2598 819 2661 καί
842 2597 971 2675 κοινοὺς
994 2596 1134 2682 ἐχθροὺς
1149 2591 1314 2663 εἶναιτῶν

244 2697 354 2778 νόμων
383 2700 436 2763 καλ
461 2700 518 2786 τῆς
547 2697 677 2776 πόλεως
706 2697 854 2784 ἀπάσης,
891 2697 935 2786 μὴ
970 2697 1179 2780 ἀποδέχεσθε
1202 2697 1317 2782 Ιαὐτῶν

245 2797 338 2884 (τοὺς
351 2797 598 2885 φενακισμούς),
625 2794 709 2866 ἀλλὰ
730 2799 874 2866 κελεύετε
894 2791 1141 2885 ἀπολογεῖσθαι
1156 2799 1314 2886 περὶτῶν

246 2905 531 2988 κατηγορημένων·
567 2901 648 2987 μηδὲ
670 2901 730 2986 τὴν
753 2897 855 2967 αὐτοῦ
878 2899 997 2967 τούτου
1019 2909 1149 2983 μανίαν,
1175 2899 1211 2978 ός
1231 2900 1317 2985 μέγα

248 3012 366 3088 φρονεῖ
394 3001 452 3069 ἐπὶ
474 3005 520 3088 τῷ
545 3003 712 3068 δύνασθαι
733 3001 854 3086 λέγειν·
879 2996 965 3069 ἀλλ’
992 3003 1155 3088 ἐπειδή,
1179 2999 1225 3068 ἀν
1249 3026 1318 3088 φα·

247 3104 339 3186 νερδς
361 3099 438 3186 δμῖν
460 3111 593 3190 γένηται
620 3106 829 3186 δωροδοκῶν,
860 3105 908 3171 έτι
936 3106 1060 3187 μᾶλλον
1090 3104 1315 3192 ἐξελήλεγκται

249 3207 429 3292 φενακίζων
452 3201 549 3290 ὑμᾶς,
578 3204 814 3292 τιμωρήσασθε
843 3203 937 3287 ὑμῶν
966 3201 1071 3272 αὐτῶν
1094 3206 1149 3274 καὶ
1170 3209 1229 3296 τῆς
1251 3204 1315 3271 πό-

249 3310 330 3383 λεως
354 3307 463 3386 ἀξίως.
509 3309 537 3375 εἰ
561 3311 596 3376 δὲ
617 3308 671 3394 μή,
698 3312 761 3396 μιᾷ
785 3304 892 3398 ψήφῳ
915 3307 970 3375 καὶ
992 3308 1040 3377 ένλ
1062 3306 1165 3394 ἀγῶνι
1187 3308 1315 3384 πάντας

317 3480 335 3530 4
352 3473 554 3545 πλουσιώτερον
570 3480 600 3531 Α.
619 3507 652 3518 -
670 3485 684 3534 7
702 3478 749 3544 τῆε
766 3479 845 3545 Αρε,
864 3476 916 3544 τὴν
929 3479 973 3531 Δί.
991 3509 1024 3520 -
1042 3483 1057 3534 9
1075 3478 1126 3545 τὴν
1143 3475 1252 3530 δικαίαν
1269 3479 1317 3528 καὶ

249 3544 302 3614 τὴν
322 3538 407 3629 δσίανα
420 3545 450 3597 Ν.
469 3574 501 3583 -
522 3548 549 3597 11
570 3543 608 3613 μὴ
623 3547 665 3612 τῷ
683 3543 1255 3680 δ.1Ν-2καλδζ3κβογηὲδσνθΝὲπ-οέἐὲἐἓ
1269 3561 1322 3664 39

250 3613 664 3752 θρωποειάσίάέτὲίοδλεδδαδλλ
682 3615 749 3736 ἓ’3
766 3631 936 3750 ἀποβάδεσιν
953 3635 1023 3751 ἀρλ.
1051 3635 1113 3735 δοκε.
1126 3682 1169 3734 A&
1187 3713 1218 3721 -
1237 3685 1253 3732 4
1269 3647 1319 3731 ἀεὶ

251 3754 407 3814 suspectum.
425 3781 457 3789 —
476 3753 492 3803 9
509 3746 579 3801 καθ’
599 3748 692 3804 αὐτῶν
710 3751 765 3816 (sic)
783 3747 880 3822 προσδ.
899 3753 936 3816 Α,
964 3751 1023 3802 καθ
1054 3745 1113 3805 αότ.
1132 3745 1227 3817 προσδ.
1246 3753 1264 3800 t.
1283 3776 1317 3786 —

251 3820 280 3870 11
301 3813 404 3870 εἰδόσιν
421 3818 522 3900 Βείἱελε.
541 3845 572 3856 -
595 3819 626 3871 12
670 3837 762 3873 ..ewa
780 3818 862 3886 Npr„
878 3825 984 3890 γίνεται
1003 3819 1083 3871 AN¹tz
1102 3833 1164 3870 cotr.
1179 3817 1319 3869 Maetzner.

250 3912 282 3923 -
306 3884 366 3946 113,
385 3890 401 3937 4
424 3903 486 3938 τους
504 3907 532 3956 φ.
550 3885 607 3937 add.
652 3892 766 3953 aetzner‚
791 3903 841 3939 om.
860 3893 871 3940 t
893 3917 926 3926 —
951 3925 1075 3942 ........
1086 3885 1157 3939 σθαι
1180 3885 1218 3950 (st.
1236 3901 1318 3948 κατη-

250 3956 337 4023 γορη)
356 3953 377 4002 Α
395 3969 445 4019 pn,
469 3949 667 4023 ἀπολογεῖσθαι
684 3955 750 4008 A'N.
768 3985 801 3994 —
820 3959 835 4010 6
853 3959 898 4008 καί
917 3951 1028 4008 ἐπειδὰν
1044 3957 1114 4008 ANt:
1138 3953 1169 4006 de
1188 3969 1244 4006 meo
1263 3967 1321 4004 mu-

250 4021 303 4072 tavi
320 4047 355 4058 -
373 4022 496 4092 φανερῶς
512 4023 543 4076 Ν.
561 4051 594 4062 -
613 4026 627 4075 ’ί
646 4016 689 4074 ότι
705 4019 809 4090 μᾶλλον
827 4029 844 4077 t.
862 4053 896 4063 -
915 4027 930 4077 8
953 4042 1062 4092 φαινακ.
1080 4024 1102 4076 Α
1120 4039 1172 4092 pn,
1194 4037 1256 4076 corr.
1274 4019 1321 4074 δ’.

73 4400 478 4518 ,Α
