2882 4554
196 235 213 292 6
638 232 819 286 ΔΕΙΝλΡΧΟΥ

193 407 246 472 καί
277 402 465 490 συγγνώμης
494 401 549 470 καὶ
571 402 707 488 χάριτος
737 401 887 487 ἐτύγχανε
915 399 1008 484 παρά
1037 409 1103 469 τῶν
1126 402 1159 469 ἓν
1184 401 1263 470 ἐκεί-

194 531 264 583 νοις
285 516 358 585 τοῒς
377 504 509 590 χρόνοις
531 508 896 588 συμπεπολιτευμένων,
920 501 959 570 σύ
979 504 1091 588 λόγοις
1113 498 1190 571 ἀλλ’
1208 505 1263 588 όρ-

192 633 264 694 γοις
285 608 410 692 μεγάλα
432 607 489 694 τήν
512 607 611 675 πόλιν
635 602 748 691 άγαδὰ
767 606 922 695 ποιήσας,
946 605 1002 673 καὶ
1016 607 1189 688 διαμείνας
1205 606 1260 673 έπὶ

192 713 253 798 τῆς
268 710 441 787 πολιτείας
463 711 516 777 καὶ
533 708 590 776 αύκ
606 708 675 775 άνω
692 711 746 775 καί
763 709 851 776 κάτω
866 708 1132 793 μεταβαλόμενος
1147 705 1261 793 ὥσπερ

193 811 242 892 σύ,
268 809 473 898 ἐτελεύτησεν
497 809 535 876 οὗ
558 810 754 896 τηλικαύτας
776 809 832 875 τόν
857 812 959 898 δήμου
983 809 1122 895 αἰτήσας
1138 809 1263 894 δωρεὰς

193 910 279 981 δι’στε
300 916 364 979 τῶν
387 909 496 995 νόμων
521 906 605 980 εἶναι
626 918 790 995 κρείττων,
820 909 895 979 οὐδ’
920 909 1072 994 οἰόμενος
1096 912 1163 979 δεῖν
1185 913 1263 991 τούς

192 1010 408 1099 όμωμσκότας
430 1015 513 1082 κατὰ
535 1013 613 1095 τούς
636 1015 758 1099 νόμους
781 1015 885 1082 α’ίσειν
908 1013 964 1101 τήν
985 1023 1103 1102 ψῆφον
1127 1013 1207 1081 άλλσ
1230 1041 1264 1081 τι

190 1124 464 1203 προυργιαίτερον
487 1123 666 1184 ποιεῖσθαι
688 1121 747 1207 τής
775 1113 956 1201 εὐσεβείας,
987 1111 1063 1182 ἀλλ’
1089 1114 1263 1200 ὑπομένων

189 1221 243 1286 καί
265 1225 454 1305 κρίνεσθαι,
485 1219 514 1287 εἰ
537 1219 643 1299 δόξειε
665 1230 737 1298 τοῖς
760 1219 948 1304 δικασταῖς,
982 1221 1037 1285 καὶ
1068 1213 1105 1285 ού
1128 1216 1263 1302 καιρούς

191 1323 302 1406 λέγων,
326 1309 401 1388 οὐδ’ι
425 1321 519 1406 ἕτερα
543 1323 673 1408 φρονῶν
695 1321 751 1389 καὶ
775 1324 978 1409 δημηγορῶν.

140 1432 179 1494 18
281 1419 346 1492 Οόκ
369 1423 589 1505 άπσκτενεῖτε,
614 1423 729 1510 άνδρες
747 1419 937 1511 Ἀθηναῖοι,
961 1424 1018 1490 τὸν
1041 1421 1162 1509 μιαρόν
1184 1426 1262 1489 τού-

188 1551 246 1594 τσν
275 1525 475 1612 ἄνθρωπον,
513 1525 550 1606 ὃς
577 1524 663 1610 πρός
693 1527 817 1612 ἑτέροις
846 1527 986 1604 πολλοῖς
1020 1525 1076 1592 καί
1105 1525 1260 1610 μεγάλοις

187 1626 402 1716 ἁμαρτήμασι
423 1627 479 1695 καί
502 1628 559 1715 τήν
584 1633 740 1715 Θηβαίων
763 1628 865 1696 πόλιν
887 1629 1055 1713 περιεῖδεν
1074 1624 1258 1694 ἀνάστατον

185 1731 370 1819 γενομένην,
393 1729 568 1816 τριακόσια
589 1732 734 1799 τάλαντα
758 1731 867 1817 λαβὼν
891 1731 937 1810 εἰς
958 1729 1016 1817 τήν
1040 1731 1169 1798 ἐκείνων
1193 1754 1259 1797 σω-

184 1842 299 1922 τηρίαν
321 1835 416 1921 παρὰ
445 1839 505 1902 τού
526 1839 667 1922 Περσῶν
689 1835 868 1920 βασιλέως,
900 1839 953 1903 καὶ
973 1829 1143 1920 Ἀρκάδων
1164 1831 1259 1920 ήκόν-

184 1963 249 2004 των
274 1936 466 2022 εἷςῚσθμὸν
489 1941 543 2006 καὶ
565 1939 622 2024 τήν
645 1938 705 2022 μέν
725 1937 818 2022 παρὰ
829 1937 1054 2024 Ἀντιπάτρου
1077 1933 1256 2023 πρεσβείαν

184 2035 354 2124 άπρακτον
376 2038 657 2124 ἀποστειλάντων,
681 2039 739 2129 τήν
763 2041 799 2106 δὲ
821 2039 914 2124 παρὰ
934 2043 1089 2125 Θηβαίων
1112 2041 1177 2105 τῶν
1199 2064 1258 2105 τα-

139 2151 144 2164 ’
184 2141 364 2228 λαιποόρων
387 2143 670 2227 προσδεξαμένων,
702 2146 736 2209 οἳ
757 2143 840 2209 κατά
862 2141 1034 2209 θάλατταν
1055 2141 1153 2226 μόλις
1176 2135 1257 2227 άφί-

184 2266 278 2309 κσντσ
302 2242 388 2328 πρός
410 2245 561 2324 ἐκείνους,
588 2245 750 2331 ἱκετηρίαν
774 2245 900 2328 ἔχοντες
921 2243 977 2311 καὶ
998 2243 1152 2332 κηρύκεια
1174 2267 1256 2328 συμ-

135 2347 407 2430 19πεπλεγμένα,
438 2345 483 2426 τός
506 2347 649 2434 ἔφασαν,
682 2347 716 2414 ἐκ
743 2350 809 2413 τῶν
832 2347 983 2427 θαλλῶν,
1014 2347 1162 2431 ἐροῦντες
1182 2351 1254 2423 τοῖς

177 2442 332 2533 Ἀρκάσιν
364 2444 417 2515 ότι
445 2447 484 2515 σύ
508 2447 566 2536 τήν
589 2449 677 2535 πρὸς
698 2447 776 2528 τούς
788 2445 948 2536 Ἓλληνας
970 2450 1084 2535 φιλίαν
1110 2451 1254 2532 Θηβαῖοι

182 2551 337 2618 διαλῦσαι
363 2551 562 2636 βουλόμενοι
589 2562 663 2632 τοῖς
691 2551 883 2638 πράγμασιν
911 2550 1150 2636 ἐπανέστησαν,
1175 2543 1250 2615 οὐδ’

181 2649 328 2720 ἐναντίον
356 2657 420 2721 τῶν
446 2649 604 2742 Ἑλλήνων
633 2649 727 2722 σόδὲν
757 2654 953 2739 πράξοντες,
984 2647 1069 2720 άλλὰ
1096 2649 1139 2718 τά
1164 2645 1251 2734 παρ’

181 2750 294 2834 αὑτοῖς
309 2751 376 2823 ύττό
392 2759 457 2822 τῶν
473 2755 677 2824 Μακεδόνων
701 2756 734 2824 ἒν
756 2760 798 2845 τῇ
821 2756 920 2824 πόλει
942 2755 1116 2841 γινόμενα
1139 2760 1252 2842 φέρειν

181 2854 289 2925 οὐκέτι
312 2857 495 2940 δυνάμενοι,
525 2856 602 2928 οὐδὲ
624 2860 682 2946 τήν
705 2860 856 2927 δουλείαν
879 2857 1067 2942 ὑπομένειν,
1094 2856 1172 2926 οὐδὲ
1193 2858 1253 2937 τὰς

180 2952 290 3044 ύβρεις
313 2954 410 3045 όράν
432 2960 507 3038 τὰς
530 2959 576 3040 εἷς
598 2959 640 3027 τά
662 2960 824 3048 ἐλεύθερα
846 2961 984 3046 σώματα
1002 2964 1185 3046 γινομένας,
1207 2997 1250 3010 -

128 3054 231 3138 λθοῖς
253 3061 394 3146 ἑτοίμων
415 3068 597 3147 γενομένων
619 3071 686 3130 τιῦν
705 3061 876 3147 Ἀρκάδων
898 3069 1054 3150 βοηθεῖν,
1084 3061 1140 3129 καὶ
1162 3062 1253 3149 έλεη-

180 3162 309 3228 σάντων
332 3164 364 3230 έν
389 3159 439 3243 οἷς
463 3153 546 3252 ἦσαν
569 3170 690 3246 κακοῖς,
718 3168 772 3233 καὶ
796 3166 939 3253 φανερόν
960 3163 1174 3251 ποιησάντων
1199 3161 1253 3231 ότι

247 3322 263 3372 2
281 3314 445 3391 ί.τύγγανεν
468 3321 491 3374 N
509 3338 556 3389 pr„
579 3321 710 3394 ἐτύγχανε
726 3322 770 3375 N2.
793 3351 826 3360 -
850 3325 864 3375 3
886 3317 1057 3388 συμπεπολι.
1068 3323 1212 3387 ...με’νονν
1229 3319 1252 3372 Ν

179 3405 225 3456 pr.‚
250 3385 542 3456 ovpnmohvavpa'vmv
559 3389 602 3452 ΝΞ,
626 3387 899 3457 συμπολιτευομένων
921 3389 967 3453 At,
991 3389 1024 3442 εί.
1044 3390 1061 3441 G
1086 3404 1112 3455 p.
1130 3393 1154 3442 7.
1179 3417 1210 3427 -
1235 3392 1250 3440 5

178 3456 235 3522 τήν]
262 3473 279 3519 η
301 3457 328 3508 in
349 3471 436 3508 rasura
460 3457 495 3508 Αι
520 3487 552 3496 -
574 3458 622 3524 τήν
663 3452 760 3528 αὐτῆς)
784 3455 845 3512 πολ.
871 3457 951 3510 Cobet
973 3485 1007 3496 -
1033 3449 1253 3524 μεταβαλόμενον

180 3527 238 3607 spic)
259 3525 282 3576 Α
300 3541 346 3593 με,
363 3519 597 3592 μεταβαλλόμενοι
614 3527 649 3578 λ1
674 3564 681 3579 .
699 3555 732 3564 -
751 3530 766 3580 8
786 3522 970 3593 άμωμοκίταε
987 3526 1010 3577 Α
1026 3542 1073 3593 με,
1090 3539 1153 3576 corr.
1166 3523 1201 3573 λλ
1218 3552 1251 3561 -

179 3589 244 3644 αλλσ
268 3595 398 3647 τι....9
422 3589 559 3659 εὐσεβείας
585 3610 661 3662 ευμεν
683 3610 785 3647 versum
814 3594 849 3646 Α1
870 3624 904 3633 -
927 3597 1137 3664 ποοργιαίτερσν
1161 3591 1184 3644 N
1205 3608 1251 3659 pr„

179 3676 242 3714 σοπ.
261 3660 297 3712 N²
313 3691 346 3700 -
364 3655 512 3727 ύπσμδνοιν
528 3661 745 3732 κατακρίνεσθαι
762 3662 835 3714 Wolf
852 3667 871 3716 t.
893 3692 927 3701 -
954 3667 984 3716 10
1002 3658 1106 3722 δόξειεν
1123 3659 1146 3711 N
1164 3676 1210 3727 pn,
1234 3677 1252 3710 ν

178 3743 288 3783 erasum.
306 3758 339 3767 -
356 3730 428 3792 18‚9
446 3725 572 3802 κηρύκεια
589 3730 647 3783 N¹A
659 3747 706 3799 pn,
724 3729 854 3800 κρήνεια
866 3731 888 3783 Ν
900 3747 947 3799 με,
964 3732 991 3783 in
1009 3731 1032 3782 A
1050 3747 1064 3779 ε
1081 3742 1189 3792 erasum,
1207 3745 1251 3790 κη-

178 3793 293 3916 &W
311 3797 411 3919 {¹1}
431 3802 444 3853 1
463 3794 583 3920 θαλῶιῧε
600 3797 637 3881 Ν,
660 3814 711 3897 αμα
730 3800 803 3851 litera
809 3813 892 3919 Βετιηιείε
912 3828 946 3838 -
963 3792 1250 3919 σημπεπλεγμέηαοὸἑῐ.

177 3931 212 3984 Μ.
231 3961 262 3972 -
279 3884 297 3986 λ
315 3882 713 4003 όράόνείὶειλρλλλε-εοεῐ.ίλίυόλλλςετ
728 3883 970 4008 ῨῖΠγιενδμίνίόίν.ῖΙ
991 3882 1135 3995 -γεέίλίωῖ
1144 3929 1249 3998 βοηθη-

178 3998 291 4054 σάντων
307 4003 337 4053 ίν
355 4003 377 4053 Α
394 4019 441 4070 με,
458 4019 522 4056 corr.
541 4004 583 4056 A¹.
1271 4011 1273 4018 ’
