2882 4554
200 231 221 290 4
646 229 829 286 ΔΕΙΝΔΡΧΟΥ

200 397 409 486 ἀφικομένων
426 398 541 485 ζητεῖν,
565 398 722 484 καθάπερ
746 396 936 478 συνέταξεν
953 395 970 463 ό
987 398 1106 486 δῆμος,
1124 397 1180 469 ἵνα
1195 395 1271 466 τότε

201 503 316 580 δόντος
345 501 436 588 δίκην
463 503 525 566 τού
550 506 672 587 θηρίου
700 498 837 582 τούτου,
870 499 925 568 καί
953 501 1019 574 τῶν
1047 504 1274 584 μερισαμένων

201 603 309 673 ἐκεῖνα
330 600 372 669 τά
392 600 542 692 χρηματα
564 605 715 688 φανερῶν
737 607 928 688 γενομένων,
952 603 1005 670 καὶ
1028 608 1088 689 τῆς
1111 603 1187 685 περὶ
1206 606 1276 688 Θη-

200 703 316 799 βαίους
349 702 533 791 προδοσίας
568 705 813 790 ἐξελεγχθείσης
844 701 884 792 ἣν
922 697 1019 782 οὗτος
1055 704 1272 788 προδέδωκεν,

201 807 447 896 ἀπηλλάγμεθα
467 806 585 873 τούτου
608 809 667 873 τού
691 809 883 893 δημαγωγοῦ
906 807 1000 894 δίκην
1023 803 1118 886 ἀξίαν
1142 806 1273 886 δόντος·

153 900 224 999 11ἢ
252 911 283 980 ελ
310 903 412 976 ταῦθ’
440 905 535 991 ύμεῒς
563 908 745 994 ἐβούλεσθε
771 909 986 997 Δημοσθένει
1014 918 1190 994 συγχωρεῖν
1218 907 1275 976 καί

201 1012 347 1091 πολλοὺς
376 1011 409 1080 ἐν
438 1013 477 1099 τῇ
506 1010 607 1084 πόλει
636 1011 713 1090 τοὺς
745 1009 827 1080 καθ’
855 1006 949 1094 ύμῶν
985 1007 1275 1098 δωροδοκήσοντας

202 1111 297 1194 εἶναι,
327 1114 387 1204 τὴν
410 1117 487 1199 περὶ
510 1116 576 1182 τῶν
600 1117 656 1182 νύν
679 1109 973 1200 ἀποπεφασμένων
997 1111 1128 1201 ζήτησιν
1150 1110 1275 1198 χρημά-

200 1242 266 1283 των
294 1216 338 1304 μη“
368 1218 632 1300 προσδέχεσθαι,
670 1226 790 1302 πεῖραν
825 1212 916 1298 ὑμῶν
950 1214 1081 1293 ἐντοῖς
1111 1213 1274 1304 πρότερον

202 1318 396 1406 εἰληφότας·
427 1313 513 1388 ὅπου
541 1343 584 1404 γε
613 1313 698 1386 ούτω
727 1320 835 1397 καλῶς
861 1320 916 1384 καὶ
946 1319 1081 1396 δικαίως
1106 1318 1166 1406 τῆς
1188 1312 1275 1383 άπο-

202 1419 336 1508 φάσεως
358 1423 417 1508 τῆς
439 1419 522 1487 κατὰ
543 1419 661 1486 τούτου
684 1419 740 1490 καὶ
760 1423 826 1487 τῶν
845 1417 953 1489 ἀλλων
969 1421 1039 1486 νυνί
1054 1423 1273 1506 γεγενημένης,

201 1523 257 1591 καὶ
284 1531 346 1612 τῆς
373 1523 408 1602 ἐξ
424 1519 556 1608 Ἀρείου
578 1519 689 1608 πάγου
710 1524 831 1608 βουλῆς
855 1519 930 1589 οὔτε
952 1521 1011 1609 τὴν
1033 1525 1275 1607 Δημοσθένους

203 1623 278 1692 οὔτε
299 1621 359 1712 τήν
382 1623 542 1712 Δημάδου
566 1622 704 1708 δύναμιν
727 1621 1022 1710 ὑποστειλαμένης,
1054 1618 1137 1690 ἀλλὰ
1162 1620 1201 1688 τό
1225 1620 1276 1690 δι’·

153 1731 294 1794 12καιον
311 1722 391 1794 αύτό
406 1729 460 1794 καὶ
475 1725 622 1814 τάληθὲς
637 1721 909 1812 προύργιαίτερον
925 1731 1159 1812 πεποιημένης,
1180 1719 1275 1791 ούδέν

201 1822 301 1918 ἧττον
324 1827 532 1914 περιέρχεται
552 1827 774 1915 Δημοσθένης
802 1834 882 1914 περί
909 1853 945 1895 τε
966 1830 1025 1914 τῆς
1046 1829 1171 1915 βουλῆς
1192 1827 1276 1912 βλα-

202 1932 342 2016 σφημῶν
376 1932 429 1998 καί
459 1931 535 2014 περὶ
566 1930 684 1998 ἑαυτοῦ
713 1931 814 2016 λέγων
847 1923 967 2015 οἷσπερ
995 1929 1077 2008 ἰ’σως
1106 1928 1161 1998 καί
1189 1928 1275 2014 πρὸς

201 2028 286 2115 ἀμάς
315 2031 430 2100 αὐτίκα
457 2032 617 2120 χρήσεται
645 2031 756 2117 λόγοις
784 2030 958 2112 ἐξαπατῶν
987 2027 1088 2114 ύμάς,
1117 2026 1162 2108 ὡς
1191 2030 1274 2116 ,ἐγώ

204 2139 374 2223 Θηβαίους
395 2131 472 2219 ύμῖν
496 2135 638 2220 ἐποίησα
662 2132 881 2218 συμμύχους.“
923 2129 991 2213 ούκ,
1016 2132 1100 2199 ἀλλὰ
1121 2133 1159 2198 τὸ
1181 2135 1274 2218 κοινῇ

204 2242 376 2324 συμφέρον
399 2231 604 2322 ἀμφοτέραις
626 2233 777 2326 ἐλυμήνω
791 2239 866 2314 ταῖς
881 2230 1029 2316 πόλεσιν,
1053 2219 1275 2321 ιάΔημόσθε-

202 2363 264 2416 νες.
302 2337 386 2424 ,ἐγὼ
409 2340 579 2423 παρέταξα
601 2336 729 2416 πάντας
752 2337 799 2417 εἰς
820 2337 1062 2425 Χαιρώνειαν.“
1099 2335 1165 2416 ούκ,
1189 2331 1274 2401 ἀλλὰ

202 2440 316 2520 ἐ’λιπες
343 2439 443 2526 μόνος
471 2435 570 2520 αότδς
596 2441 656 2528 τήν
685 2439 751 2508 ἐκεῖ
778 2440 880 2521 τάξιν.
926 2439 1010 2526 ,ἐγώ
1039 2438 1166 2516 πολλὰς
1187 2433 1272 2520 ύπέρ

146 2545 293 2624 ,13ύμῶν
317 2541 522 2630 ἐπρέσβευσα
543 2549 753 2628 πρεσβείας.“
787 2536 844 2630 ἐφ’
864 2537 930 2621 αἶς
953 2537 1010 2610 οὐκ
1025 2535 1093 2608 οἶδ’
1111 2537 1177 2606 ἀτί
1189 2537 1271 2606 ποτ’

202 2639 241 2712 ἀν
265 2642 419 2730 ἐποίησεν
442 2639 465 2733 ἢ
485 2643 578 2724 τίνας
601 2641 640 2712 ἀν
664 2640 737 2714 εἶπε
760 2645 884 2730 λόγους,
911 2644 941 2712 εἰ
963 2648 1079 2729 συνέβη
1099 2643 1273 2729 κατορθῶ-

199 2770 260 2814 σαι
283 2741 371 2833 αὐτῷ
394 2745 417 2814 ἀ
439 2747 708 2833 συνεβούλευσεν,
729 2746 746 2814 ὃ
753 2773 771 2826 ς
793 2747 851 2816 ἐπὶ
873 2759 944 2824 τοῖς
966 2744 1132 2824 τοιούτοις
1155 2739 1274 2834 ἀτυχη-

195 2872 285 2933 μασι
320 2851 374 2915 καί
402 2859 528 2931 κανοῖς,
564 2845 699 2918 ἀπασαν
727 2848 943 2936 ἐπεληλυθὼς
977 2848 1037 2937 τὴν
1073 2849 1273 2932 οἰκουμένην,

197 2948 293 3035 νόμως
315 2945 405 3031 ἀξιοῖ
427 2951 552 3036 δωρεάς
575 2948 664 3039 αύτῷ
684 2951 846 3019 δεδόσθαι
868 2951 927 3030 τὰς
949 2958 1120 3035 μεγίστας,
1147 2947 1274 3033 λαμβά-

196 3079 269 3121 νειν
292 3054 383 3139 δῶρα
397 3054 480 3121 κατὰ
495 3056 553 3140 τῆς
566 3055 729 3140 πατρίδος
750 3057 805 3122 καὶ
820 3056 924 3140 λέγειν
947 3055 999 3120 καὶ
1016 3051 1172 3137 πράττειν
1190 3050 1274 3118 κατὰ

153 3158 262 3224 14τού
284 3155 390 3244 δήμου
414 3151 490 3224 ἀάν
504 3154 673 3244 βούληται.
705 3154 760 3223 καὶ
779 3155 937 3244 Τιμοθέῳ
952 3154 1021 3240 μέν,
1046 3144 1272 3242 ὦἈθηναῖοι,

202 3256 461 3345 Πελοπόννησον
483 3256 741 3344 περιπλεύσαντι
762 3260 817 3325 καί
838 3259 898 3346 τὴν
921 3257 955 3324 ἐν
976 3254 1127 3345 Κερκύρᾳ
1149 3283 1273 3342 ναυμα-

270 3495 313 3561 10,
332 3499 346 3549 5
365 3491 528 3566 ἀφικομένου
545 3498 568 3548 Α
585 3513 633 3563 pr..
655 3513 719 3551 corr.
737 3498 779 3550 ΑΙ.
797 3526 832 3536 -
849 3495 1017 3566 προσεταξεν
1035 3497 1127 3550 Baiter.
1146 3526 1180 3534 —
1198 3499 1239 3563 11,
1259 3500 1271 3550 1

204 3557 221 3629 ἢ
239 3581 289 3618 om.
303 3565 383 3631 Apu,
402 3564 459 3616 add.
471 3565 514 3617 A¹.
532 3594 566 3604 -
584 3569 599 3618 2
618 3560 861 3636 δωροδοκήσαντας
876 3566 956 3632 Aps„
973 3581 1059 3618 rasura
1078 3569 1227 3619 correctum.
1240 3594 1274 3603 -

204 3637 221 3686 4
237 3627 424 3714 ἀποδέχεσθαι
435 3634 458 3684 Α
468 3648 516 3700 pr„
533 3648 596 3734 cor}
609 3634 652 3740 εἲ
664 3638 737 3754 ᾱ-Χό
756 3627 824 3714 ὅπου
835 3630 870 3703 γά
894 3654 900 3685 :
919 3649 983 3686 corr·
995 3633 1086 3752 Αέδιρῗὶ
1101 3661 1140 3738 ἶ
1152 3631 1274 3756 {zaga

202 3701 397 3824 augme&
402 3716 456 3833 ἀλλ’
465 3715 539 3822 10ῗά
551 3701 622 3822 {Nn
641 3785 705 3824 corr.
727 3720 887 3824 hema„—
912 3718 1064 3822 ἐῐόιῦοάοέι.
1083 3721 1275 3836 ’.ΓκχΙοεό--ἀ

204 3833 293 3901 αύτῷε
316 3853 380 3890 corr.
397 3837 505 3890 Βελίαν.
528 3866 562 3876 -
584 3841 599 3891 6
623 3835 693 3890 κατὰ
771 3854 829 3892 cum
852 3839 926 3892 trium
950 3839 1078 3890 literarum
1103 3852 1190 3889 rasura
1207 3837 1230 3887 Α
1247 3836 1274 3887 in

203 3905 312 4025 ηεςίοεε
327 3905 405 3968 exitu,
423 3908 496 3973 Apr.
514 3905 560 3970 τῆς
578 3905 722 3972 geminasse
740 3907 841 3994 viqetur
860 3936 890 3944 —
910 3904 1042 3976 πράττειν
1058 3903 1184 3974 (ἐξεῖναι)
1202 3905 1274 3961 malit

225 3973 277 4025 lass
296 4002 326 4012 -
346 3973 362 4040 ξ
379 3972 416 4028 14
433 3974 465 4026 cf.
483 3974 521 4038 111,
541 3977 571 4026 17
591 4003 623 4012 -
642 3975 657 4024 2
675 3971 870 4042 Πελοποννησον
887 3975 933 4028 ΝΑ
950 3989 996 4042 pn,
1014 3988 1077 4026 corr.
1094 3973 1137 4026 A¹.
