2882 4554
513 243 597 298 RATA
617 244 869 299 Δυυοεεευονε.
1211 247 1228 308 7
1282 207 1284 212 ¹

156 425 228 493 τοῖς
249 414 309 499 μὲν
332 413 463 498 σώμασι
484 414 567 498 μετὰ
587 408 806 498 Ἀλεξάνδρου
830 413 885 482 διδ
908 415 987 495 τοὺς
1002 417 1137 500 καιροὺς
1152 415 1232 484 ἀκο·

158 519 294 586 λουθεῖν
316 510 544 602 ἠναγκάζοντο,
567 526 642 595 ταῖς
666 511 699 582 δ’
724 515 868 596 εὐνοίαις
888 517 972 600 μετὰ
996 521 1152 603 Θηβαίων
1174 516 1230 587 καὶ

156 627 217 706 τῆς
244 621 309 684 τῶν
333 614 491 706 Ἑλλήνων
520 616 713 702 ἐλευθερίας
740 607 839 704 ἦσαν,
873 617 930 684 καὶ
957 621 1016 685 τοῦ
1046 625 1230 707 στρατηγοῦ

158 715 437 788 αὑτῶν’4στόλου
460 715 559 787 ὠνίου
583 719 688 801 ὄντος,
712 717 827 806 ῶσπερ
850 720 905 787 καὶ
919 723 1124 812 Στρατοκλῆς
1143 716 1228 803 εἶπε,

157 826 211 890 καὶ
242 823 319 889 δέκα
346 821 491 890 τάλαντα
521 822 692 902 αἰτοῦντος
718 821 804 890 ῶστε
826 820 958 908 ἀγαγεῖν
980 823 1040 913 τὴν
1062 822 1225 912 βοήθειαν

157 935 229 1004 τοῖς
248 929 419 1012 Θηβαίοις,
442 923 584 993 καὶτῶν
607 927 817 1011 πρεσβευτῶν
841 921 886 1005 ῶς
907 928 1025 994 τοῦτον
1049 925 1227 1006 ἐλθόντων,

158 1025 194 1094 όν
216 1025 338 1114 ᾔδεσαν
362 1027 477 1110 ἔχοντα
499 1027 538 1093 τό
559 1026 732 1112 βασιλικὸν
753 1034 897 1111 χρυσίον,
920 1029 973 1095 καὶ
997 1028 1159 1112 δεομένων
1175 1030 1228 1096 καὶ

158 1128 366 1198 ἱκετευόντων
396 1131 511 1196 δοῦναι
540 1129 582 1196 τά
607 1128 757 1216 χρήματα
780 1129 826 1208 εἰς
849 1130 907 1215 τὴν
929 1133 987 1216 τῆς
1009 1129 1141 1209 πόλεως
1164 1154 1230 1200 οω-

156 1239 286 1318 τηρίαν,
324 1229 381 1300 οὑκ
409 1230 586 1318 ἐτόλμησεν
616 1227 634 1297 ὑ
663 1231 783 1316 μιαρός
810 1225 906 1310 οὗτος
939 1231 994 1300 καὶ
1024 1231 1144 1321 ἀσεβὴς
1174 1235 1229 1300 καὶ
1240 1241 1278 1302 21

156 1334 390 1421 αἷσχροκερδής
424 1328 492 1400 άπδ
524 1336 590 1400 τῶν
618 1333 752 1401 πολλῶν
780 1334 954 1422 χρημάτων
983 1329 1029 1400 ῶν
1060 1329 1124 1418 εἶχε
1154 1335 1230 1402 δέκα

156 1436 257 1522 μόνον
279 1435 424 1502 τάλαντα
447 1437 574 1517 δοὺναι,
604 1435 770 1516 τοσαύτας
801 1433 887 1520 ὑρῶν
918 1437 1057 1516 ἐλπίδας
1079 1433 1231 1524 ὑποφαι-

157 1537 278 1615 νούσας
294 1537 339 1615 είς
354 1535 413 1622 τόν
430 1541 584 1625 Θηβαίων
604 1544 780 1626 σωτηρίαν,
804 1536 889 1606 ἀλλὰ
911 1540 1077 1623 περιεῖδεν
1101 1539 1231 1623 ἑτέρους

158 1639 275 1716 δόντας
296 1640 394 1706 τοῦτο
416 1639 455 1705 τὸ
478 1637 647 1724 ἀργύριον,
679 1639 793 1726 ῶσπερ
821 1642 875 1707 καὶ
897 1642 1104 1732 Στρατοκλῆς
1126 1637 1231 1728 εἶπεν,

155 1739 241 1827 ὑπὲρ
264 1749 323 1808 τοῦ
345 1741 448 1808 πάλιν
472 1739 636 1809 ἀπελθεῖν
658 1743 772 1810 οἴκαδε
793 1742 870 1822 τοὺς
891 1743 1132 1830 ἐξεληλυθότας
1151 1741 1230 1829 Ἀρ-

156 1843 263 1911 κάδων
286 1843 404 1928 καὶμὴ
427 1849 599 1933 βοηθῆσαι
621 1854 694 1923 τοῖς
718 1843 890 1930 Θηβαίοις.
910 1847 915 1929 ί
936 1837 1012 1931 Ἆρ’
1037 1843 1114 1929 ὑμῖν
1139 1847 1229 1915 δοκεῖ
1239 1854 1279 1916 22

156 1947 280 2031 μικρῶν
308 1949 414 2013 κακῶν
436 1939 457 2034 ἢ
479 1949 545 2012 τῶν
567 1945 729 2030 τυχόντων
753 1942 812 2034 όλη
834 1949 876 2036 τῇ
897 1943 1025 2014 Ἑλλάδι
1047 1949 1155 2027 α’ίτιος
1176 1973 1228 2034 γε·
1251 1965 1280 2014 93

157 2050 321 2136 γενῆσθαι
334 2053 556 2136 Δημοσθένης
578 2047 632 2116 καὶ
654 2045 675 2136 ἦ
697 2047 817 2116 τούτου
841 2046 1060 2135 φιλαργυρίας
1083 2044 1103 2138 ἢ
1122 2073 1228 2133 προσ·

158 2149 245 2238 ήκειν
268 2144 367 2216 αὑτὸν
390 2144 451 2236 ὑφ’
468 2145 560 2232 ὑμῶν
584 2148 676 2218 ἐλέου
698 2145 788 2229 τινὸς
810 2149 978 2236 τυγχάνειν
1001 2153 1140 2218 τοιαῦτα
1155 2151 1229 2218 δια-

156 2258 404 2336 πεπραγμένον,
440 2249 517 2318 ἀλλ’
549 2250 586 2318 οδ
616 2255 676 2342 τῆς
704 2251 840 2340 ἐσχάτης
869 2263 1032 2339 τιμωρίας
1060 2255 1115 2320 καὶ
1144 2250 1227 2339 ὑπὲρ

155 2362 221 2422 τῶν
244 2356 301 2422 νῦν
323 2355 377 2420 καὶ
399 2349 484 2439 ὑπὲρ
506 2355 572 2420 τῶν
588 2354 750 2440 πρότερον
765 2362 984 2442 γεγενημένων
1001 2350 1229 2442 ἀδικημάτων,

156 2454 355 2524 άκοόσονται
376 2453 436 2542 τὴν
458 2460 574 2540 κρίσιν,
594 2440 627 2550 ,ῶ
646 2453 835 2542 Ἀθηναῖοι,
859 2457 917 2547 τὴν
940 2451 999 2544 ὑφ’
1018 2453 1108 2540 ὑμῶν
1132 2458 1165 2525 ἐν
1187 2461 1230 2546 τῇ

154 2559 297 2646 τήμερον
318 2554 425 2646 ἡμέρᾳ
445 2562 656 2645 γεγενημένην
678 2558 800 2638 πάντες
816 2557 1012 2644 ἀνθρωττοι·
1036 2559 1230 2649 θεωρήσου·

157 2684 209 2727 σιν
239 2656 323 2744 ὑμᾶς
352 2661 428 2738 τοὺς
457 2658 644 2744 κρίνοντας,
679 2657 772 2740 ὅπως
797 2664 929 2750 χρῆσθε
956 2668 1004 2749 τῷ
1026 2660 1068 2729 τά
1090 2665 1229 2729 τοιαῦτα

157 2761 448 2851 διαπεπραγμένῳ.
486 2759 579 2847 ὑμεῖς
602 2756 682 2830 ἔσθ’
701 2763 735 2830 οἱ
757 2763 814 2831 διά
835 2764 953 2852 πολλῶ
976 2766 1041 2831 τῶν
1062 2761 1130 2832 ὑπό
1153 2763 1229 2833 τοό-
1239 2770 1279 2832 23

154 2890 214 2934 του
243 2871 487 2949 πεπραγμένων
517 2861 727 2950 ἀδικημάτων
750 2864 874 2933 ἐλάττω
897 2865 1040 2952 μεγάλας
1061 2868 1116 2933 καὶ
1139 2862 1229 2934 ἀπα-

156 2963 334 3053 ραιτήτους
357 2967 457 3044 ἐνίοις
480 2965 726 3046 ἐπιτεθεικότες
751 2974 921 3053 τιμωρίας.
966 2964 1059 3051 ὑμεῖς
1081 2973 1228 3035 Μένωνα

155 3072 215 3154 μὲν
237 3069 294 3138 τὸν
316 3069 496 3154 μυλωθρὸν
520 3065 741 3150 ἀπεκτείνατε,
767 3070 854 3137 διότι
874 3071 983 3137 παῖδα
1002 3069 1177 3155 έλεόθερον
1194 3071 1228 3140 ἐκ

156 3171 326 3257 Πελλήνης
348 3173 440 3255 όοχεν
464 3170 498 3239 έν
519 3173 567 3258 τῷ
588 3173 731 3255 μυλῶνι·
771 3176 950 3257 Θεμίστιον
980 3172 1016 3239 δὲ
1045 3169 1102 3238 τόν
1127 3167 1228 3260 Ἀιγι-

157 3274 281 3359 δναῖον,
297 3274 385 3340 διότι
399 3273 458 3362 τὴν
471 3269 595 3340 Ῥοδίαν
610 3278 844 3368 κιθαρίστριαν
861 3271 993 3359 ὑβρισεν
1006 3268 1225 3356 Ἐλευσινίοις,

154 3374 293 3461 θανάτῳ
320 3373 530 3460 ἐζημιώσατε,
560 3369 760 3459 Εόθόμαχον
784 3376 829 3456 δέ,
861 3375 949 3445 διότι
970 3373 1029 3465 τήν
1050 3373 1227 3445 Ὀλυνθίαν

153 3477 333 3563 παιδίσκην
349 3477 482 3562 ἔστησεν
499 3475 558 3544 ἐπ’
577 3476 763 3566 οἰκήματος.
796 3477 904 3545 διὰδὲ
925 3481 1041 3546 τοῦτον
1064 3477 1122 3545 τὸν
1144 3484 1280 3562 προ-24

225 3653 240 3702 3
258 3664 313 3770 εηυ.
333 3647 366 3699 εί.
384 3646 460 3699 Ιεοω.
478 3646 543 3712 XIV,
557 3651 589 3702 15
626 3650 722 3701 .299c.
741 3675 774 3684 -
793 3651 808 3701 5
826 3650 882 3701 τοῖο
899 3649 968 3714 (εἰσί)
985 3648 1045 3700 τῶν
1063 3647 1085 3699 Α
1100 3663 1147 3714 pr..
1165 3663 1229 3701 corr.

156 3717 196 3772 A².
216 3746 250 3755 —
287 3718 311 3781 1,
329 3718 344 3769 3
362 3709 573 3784 ὑποφαινούσας,
626 3731 689 3767 urm.
708 3744 740 3753 —
758 3713 831 3780 223
851 3713 981 3784 φιλαρχία
999 3718 1021 3768 Α
1038 3731 1085 3784 pr„
1104 3731 1168 3768 corr.
1186 3715 1229 3768 Αἱ.

157 3815 190 3824 -
214 3789 229 3839 5
251 3787 296 3836 καὶ
316 3779 384 3853 ὑπὲρ
401 3783 461 3836 τῶν
477 3783 530 3835 νῦν
548 3799 597 3835 om.
616 3783 646 3835 N.
672 3812 704 3821 —
726 3781 772 3847 23,
792 3788 804 3837 1
824 3780 937 3836 πολλῶν
953 3785 976 3836 Α
994 3799 1031 3850 pr.
1054 3784 1076 3837 N
1096 3799 1142 3850 pn,
1165 3800 1229 3838 corr.

154 3853 199 3918 ΙΨ,
227 3853 254 3904 in
277 3853 335 3904 Αν
358 3867 466 3905 erasum.
491 3881 522 3890 -
548 3845 698 3918 5μόλωνιι
724 3866 788 3904 corr.
806 3850 877 3904 Turr.
902 3881 935 3891 -
964 3846 1111 3919 ἀφυιδαῖον
1134 3852 1157 3902 Α
1181 3866 1228 3918 ρο,

157 3921 274 3974 corr.A¹.
293 3949 325 3960 -
344 3925 358 3973 ’ί
377 3918 496 3986 θανάτῳ
518 3914 686 3986 ἐζημιώσατε
704 3923 823 3985 suspecta
841 3919 950 3972 Blassio.
968 3947 1001 3956 -
1019 3921 1035 3986 ᾗ
1051 3918 1090 3974 24
1106 3935 1227 3987 expressa

156 4003 188 4041 ex
200 3988 377 4053 Demosthene,
395 3989 521 4041 Aeschine
540 3986 587 4052 (111,
603 3988 669 4053 133),
688 3986 822 4053 stratocle,
841 3987 873 4039 cf.
888 3987 1090 4053 Agatharchidas
1103 4003 1143 4056 ap.
1154 3987 1232 4042 Phot.
