2882 4554
534 300 639 353 ‚mu
657 300 875 354 ΦΙΛΟΚΔΕΟΥΣ.
1212 299 1251 360 47

182 470 215 535 οί
237 468 317 536 θεοὶ
341 469 503 555 φανεροὺς
526 464 603 550 όμῖν
626 469 825 559 ποιήσαντες
847 470 1038 553 παρέδοσαν
1066 468 1254 558 τιμωρήσα-

183 577 278 649 σθαι,
303 571 483 654 ἑωρακότες
499 569 556 636 τόν
581 572 682 659 δῆμον
706 566 839 638 ἅπαντα
860 571 1040 660 κατήγορον
1062 571 1181 636 τούτου
1203 597 1253 656 γε·

182 679 357 758 γενημένον
379 671 434 738 καὶ
456 669 725 757 προκεχειρικότα
748 675 882 758 πρώτον
905 675 970 738 τών
994 671 1102 740 ἀλλων
1125 671 1184 739 ἐπὶ
1205 675 1252 762 τῷ

182 773 242 860 τήν
265 780 426 857 τιμωρίαν
450 773 483 840 έν
506 769 582 856 όμῖν
606 775 730 839 δοῦναι.
920 783 922 788 ’

264 870 360 940 Ἀλλ’
385 877 497 960 έγωγε,
523 875 559 962 νή
582 875 640 940 τόν
663 880 732 941 Δία
753 871 810 940 τόν
833 875 981 962 σωτήραρ
1006 874 1201 958 αἰσχύνομαι
1224 875 1253 942 εἶ
1265 891 1305 950 15

182 980 435 1060 προτραπέντας
469 971 556 1058 ἀμᾶς
592 977 643 1042 δεῖ
675 973 731 1042 καὶ
760 976 1031 1060 παροξυνθέντας
1065 969 1124 1061 ἀφ’
1160 973 1253 1061 ἡμῶν

182 1077 239 1144 ἐπὶ
254 1079 312 1163 τήν
327 1081 386 1145 τοῦ
402 1080 458 1144 νῦν
482 1077 794 1164 εἰσεληλυθότος
816 1077 875 1165 τήν
899 1085 1005 1162 κρίσιν
1022 1075 1184 1162 τιμωρίαν
1201 1079 1253 1146 έλ-

181 1184 268 1247 θεῖν.
299 1181 374 1261 [καὶ]
390 1174 447 1246 οόκ
463 1173 628 1246 αότόπται
644 1179 717 1248 ἐστὲ
733 1188 799 1244 τιῦν
814 1175 882 1245 ἀπὸ
900 1180 1018 1246 τούτου
1034 1186 1252 1266 γεγενημένων

182 1277 411 1368 ἀδικημάτων,·
443 1282 497 1346 καὶ
527 1276 544 1345 ὃ
573 1281 632 1365 μὲν
662 1283 764 1366 δῆμος
794 1277 884 1359 ἀπας
907 1276 981 1347 οὔτ’
1007 1279 1155 1368 ἀσφαλὲς
1178 1279 1253 1350 οότε

183 1385 309 1450 δίκαιον
326 1381 466 1466 νομίζων
489 1377 573 1449 εἶναι
595 1382 903 1465 παρακαταθέσθαι
930 1381 1007 1462 τοὺς
1030 1384 1147 1450 ἑαυτοῦ
1171 1395 1253 1451 παῖ·

184 1487 244 1562 δας
266 1480 557 1570 ἀπεχειροτόνησεν
582 1479 680 1551 αὐτόν
704 1479 774 1550 ἀπὸ
797 1493 856 1570 τῆς
878 1493 943 1551 τών
973 1485 1105 1572 ἐφήβων
1137 1485 1252 1570 ἐπιμε-

182 1586 289 1665 λείας·
322 1583 415 1668 ὖμεῖς
437 1588 473 1652 δέ
496 1587 528 1652 οἱ
550 1590 609 1675 τῆς
633 1589 853 1675 δημοκρατίας
881 1587 938 1654 καὶ
965 1595 1031 1654 τών
1056 1588 1164 1671 νόμων
1188 1588 1251 1676 φό-
1264 1602 1305 1664 16

183 1691 285 1768 λακες,
310 1684 372 1767 οἷς
393 1687 413 1774 ἡ
436 1688 514 1776 τόχη
537 1693 592 1754 καὶ
617 1685 634 1754 ό
657 1689 775 1774 κλῆρος
796 1685 880 1771 ὑπὲρ
906 1689 998 1778 <τοό>
1021 1690 1124 1778 δήμου
1148 1691 1253 1771 [δικό-

181 1796 310 1871 σοντας]
331 1791 505 1875 ἐπέτρεψε,
529 1796 691 1877 φείσεσθε
712 1794 771 1858 τοῦ
793 1795 931 1858 τοιαῦτα
948 1793 1249 1877 διαπεπραγμένου,

180 1896 233 1960 καὶ
264 1893 302 1959 τὸ
331 1893 436 1977 πέρας
458 1893 586 1976 ἔχοντες
609 1889 764 1960 ἀπόντων
787 1894 909 1962 τῶνέν
931 1897 971 1982 τῇ
994 1895 1093 1962 πόλει
1117 1898 1251 1964 δικαίων

181 1995 387 2081 ἀτιμώρητον
411 1994 555 2082 ἀφήσετε
576 1996 634 2061 τόν
657 1994 842 2080 δωροδόκον
871 1995 926 2063 καὶ
954 1997 1088 2064 πάντων
1110 2005 1176 2063 τών
1198 2023 1252 2083 γε·

179 2103 361 2185 γενημένων
384 2101 489 2164 κακῶν
513 2099 630 2182 α’ίτιον,
655 2095 755 2177 ὅς-
778 2095 861 2184 ὅπερ
883 2097 940 2165 καὶ
960 2108 1066 2185 μικρῷ
1087 2101 1250 2185 πρότερον

181 2195 277 2267 εἶπον
305 2237 345 2247 -
375 2199 476 2283 μόνος
505 2203 570 2266 τών
599 2203 752 2286 πονηρῶν
781 2201 915 2267 πάντων
944 2208 1030 2288 τρίς,
1062 2197 1119 2285 οὗχ
1149 2199 1248 2283 ἅπαξ,

181 2300 438 2388 ἀποπέφανται,
473 2301 529 2368 καὶ
556 2304 628 2388 τρὶς
657 2301 717 2391 ήδη
748 2306 882 2382 δικαίως
907 2328 923 2371 ν
949 2329 966 2368 κ
992 2329 1008 2369 τ
1033 2304 1251 2388 ἐζημιωμένος

182 2404 320 2491 θανάτῳ
342 2401 424 2469 κατά
445 2402 484 2468 τό
508 2403 627 2470 ἑαυτοῦ
649 2404 819 2493 ψήφισμα.
864 2412 897 2471 τί
919 2394 976 2472 οὖν
1000 2399 1199 2489 ἀναμενεῖτε,
1224 2397 1303 2486 ώ17,

179 2501 358 2592 Ἀθηναῖοι
365 2533 377 2587 ‚·
405 2507 458 2570 καὶ
482 2509 566 2572 ποῖα
589 2501 777 2591 ἀδικήματα
800 2507 924 2592 ζητεῖτε
947 2507 1041 2590 έτερα
1063 2508 1163 2590 μείζω
1185 2513 1251 2576 τῶν

184 2608 360 2695 εἰρημένων
384 2605 541 2690 ἀκοῦσαι,·
572 2601 628 2691 οόχ
651 2603 743 2690 ὑμεῖς
766 2608 839 2676 έστε
860 2611 913 2675 καὶ
938 2609 971 2676 οἱ
993 2606 1144 2694 ὑμέτεροι
1166 2611 1251 2698 πρό-

182 2733 274 2795 γονοι
297 2709 329 2775 οἱ
353 2714 513 2794 Τιμοθέῳ
535 2710 796 2798 Πελοπόννησον
819 2711 1080 2797 περιπλεύσαντι
1107 2711 1162 2779 καὶ
1190 2712 1249 2802 τήν

183 2813 216 2880 έν
238 2811 390 2899 Κερκύρᾳ
411 2818 591 2895 ναυμαχίαν
609 2814 898 2895 Λακεδαιμονίους
921 2813 1089 2904 νικήσαντι
1110 2818 1163 2883 καὶ
1181 2817 1249 2881 Κό-

181 2939 284 2993 νωνος
307 2913 373 2980 υἱεῖ
393 2913 487 3000 (τοῦ)
508 2915 586 2993 τούς
600 2910 759 3003 Ἕλληνας
775 2916 1092 3004 ἐλευθερώσαντος
1114 2918 1166 2984 καί
1183 2917 1250 2983 Σά-

180 3035 385 3048 ——n--u—

250 3087 264 3138 8
282 3080 437 3154 ἑωρακότας
455 3083 606 3150 Stephanus.
625 3114 658 3124 ·-
676 3089 691 3139 9
709 3082 935 3156 προκεχωρηκότα
951 3086 998 3139 ΝΑ
1010 3103 1058 3153 pr.:
1077 3088 1103 3138 iu
1121 3089 1143 3140 Α
1160 3102 1248 3140 rasura

181 3157 321 3208 correctum
340 3182 373 3192 -
390 3153 435 3204 ἐπί
453 3147 486 3204 τό
506 3153 537 3216 Ν,
555 3152 618 3204 ολδ
636 3169 661 3219 p.
675 3156 698 3206 9.
718 3183 750 3192 -
768 3156 811 3220 15,
830 3157 845 3206 2
862 3150 921 3207 δεῖν
938 3154 984 3206 ΝΑ
999 3172 1050 3221 pu:
1071 3175 1088 3208 ν
1106 3171 1204 3210 erasum
1222 3157 1249 3208 iu

180 3224 211 3288 A,
229 3223 437 3290 προτραπέντας
454 3215 512 3272 δεῖν
530 3220 626 3289 παρσξ.
644 3223 666 3273 Α
684 3238 721 3288 pr.
740 3223 840 3274 omissis
865 3227 891 3275 et
912 3217 981 3290 ὑμᾶς
1003 3228 1030 3276 εί
1051 3227 1108 3288 καὶ,
1133 3241 1195 3278 corr.
1213 3224 1249 3275 Αι

180 3319 214 3330 -
231 3285 310 3356 ὑμῶν
327 3288 373 3340 NA
384 3302 431 3354 pr„
449 3305 512 3341 carr.
523 3289 566 3341 A¹.
584 3317 617 3326 -
635 3291 650 3340 3
670 3290 716 3342 au
732 3291 782 3341 τοῦ
799 3292 822 3341 A
836 3306 882 3356 pr„
902 3291 948 3342 ἐπὶ
964 3287 1015 3357 τήν
1032 3292 1068 3343 A¹
1084 3321 1118 3331 —
1136 3289 1249 3345 έκλείοι·

180 3357 262 3413 πότος
275 3356 345 3408 Aut:
368 3370 431 3407 corr.
445 3355 528 3423 Elusa,
548 3352 755 3421 εἰσεληλυθότας
769 3355 828 3424 [τὴν
841 3362 940 3428 κρίσιν]
956 3359 1093 3427 aliquando
1110 3361 1140 3413 ci.
1154 3359 1248 3412 Μετιτ-

179 3442 232 3491 ner,
250 3420 415 3488 ἐληλυθότος
432 3424 457 3474 ές
474 3422 525 3476 τ“ν
542 3444 583 3494 κρ.
603 3424 713 3492 Sauppe.
731 3455 764 3466 -
782 3429 798 3478 4
816 3430 861 3477 καὶ
880 3426 930 3479 del.
944 3427 1035 3493 Baiter,
1053 3443 1119 3481 ςειν.
1137 3435 1200 3480 ι-
1217 3421 1250 3479 οὗ

179 3493 316 3548 κατόπται
333 3490 363 3544 Ν.
387 3521 420 3528 -
445 3444 669 3558 δάδικημάτων·
688 3498 707 3546 t.
731 3523 766 3532 -
789 3497 805 3547 6
829 3491 936 3546 δίκαιόν
953 3497 1012 3548 ἐστι
1030 3498 1152 3564 νομίζων
1168 3497 1191 3546 A
1209 3512 1246 3562 pr.

179 3562 258 3630 Npu,
277 3562 335 3612 ἐστι
352 3560 378 3610 iu
394 3565 503 3626 utroque
518 3576 626 3613 erasum.
644 3591 677 3598 —
694 3561 766 3625 16‚2
783 3556 828 3614 οδε
846 3561 915 3614 ANt:
935 3563 1101 3616 corr.Reiske
1118 3591 1152 3601 -—
1169 3567 1214 3614 καὶ
1232 3558 1247 3614 ό

179 3625 261 3697 δῆμος
275 3623 344 3697 ὑπὲρ
359 3624 455 3695 κλήρου
468 3628 547 3695 Apu,
561 3644 625 3682 corr.
635 3629 678 3694 Αἱ,
693 3630 741 3681 τοῦ
755 3629 812 3682 εδδ.
821 3631 856 3682 ΑΞ
869 3658 903 3671 -·
917 3627 1079 3684 δικάσοντας
1093 3630 1249 3697 del.Wurm‚

179 3698 212 3751 cf.
230 3697 290 3765 Lys.
307 3696 335 3759 ΙΙ,
353 3698 398 3757 ⁵19,
419 3705 484 3748 serv,
503 3700 526 3760 t,
544 3694 582 3748 οἷς
692 3693 802 3749 δικάσαι
821 3698 931 3767 Sauppe,
949 3694 993 3750 οδε
1086 3695 1248 3752 δικάσοντας

179 3766 311 3832 ἐπέστησε
329 3762 430 3826 Βείεἰςε,
448 3763 480 3815 cf.
494 3764 585 3817 Aesch.
601 3765 619 3829 1,
633 3769 657 3818 7.
675 3794 708 3804 —
727 3769 742 3820 3
761 3767 911 3837 ἐπέτρεψεν
928 3766 950 3818 Ν
970 3796 1002 3804 -
1022 3765 1187 3838 φείσασθεΑ
1199 3784 1247 3835 pr.,
1296 3795 1300 3804 ·

179 3850 242 3887 corr.
260 3834 303 3886 Αἱ.
325 3860 360 3870 -
383 3834 399 3883 4
416 3831 476 3882 τών
493 3832 524 3883 έν
540 3832 574 3903 τῇ
592 3850 621 3885 π.
640 3829 775 3886 ἁπάντων
792 3834 833 3886 At.
855 3863 889 3874 —
913 3837 927 3887 8
946 3829 997 3886 κάν
1014 3839 1071 3904 τρὶς
1093 3834 1195 3904 Sauppe
1214 3866 1247 3874 -

178 3901 294 3954 lacunam
312 3898 444 3951 Reiskium
464 3904 566 3952 secutus
583 3901 708 3968 iudicavi,
731 3902 795 3964 adda
815 3899 849 3953 ἀν
866 3897 992 3954 ἀπώλετο
1015 3903 1058 3954 vel
1076 3904 1158 3957 simile
1177 3903 1246 3973 quid.

178 3997 210 4006 —
231 3973 246 4023 9
264 3965 346 4021 αὐτοῦ
365 3968 395 4034 Α,
413 3961 497 4018 αὑτοῦ
515 3972 532 4019 ί.
556 3997 590 4005 -
612 3970 652 4032 17,
670 3972 686 4021 3
710 3963 758 4036 οὐχ
774 3966 847 4038 ὑμεῖς
927 3973 966 4036 18,
984 3975 1001 4024 4
1022 3966 1101 4039 ὑμῶν
1119 3973 1152 4025 τί.
1170 3973 1187 4039 l,
1207 3975 1245 4027 14.

177 4065 213 4076 —
230 4040 245 4090 6
263 4040 311 4088 τοῦ
329 4035 387 4091 add.
404 4035 440 4087 A²
456 4065 490 4074 -
509 4031 727 4105 ἐλευθερώσαντι
743 4038 789 4090 ΝΑ
807 4054 853 4105 pu,
872 4053 935 4091 corr,
954 4038 996 4093 A².
