2882 4554
236 229 276 286 14
684 226 865 281 ΔΕΙΝΑΡΧΟΥ

233 395 335 481 χίλιοι
357 397 561 480 μέδιμνοι
583 404 641 461 τοῦ
664 394 816 463 ἐνιαυτοῦ
836 397 951 479 πυριῦν
968 391 1240 474 ἀποστέλλονται,
1263 420 1310 481 τῳ

184 510 226 571 44
236 493 310 565 οὐδ’
336 495 417 564 όπσι
437 497 606 584 καταφύγῃ
631 494 746 564 αῦτίκα
770 496 911 584 φάσοντι
933 490 1036 579 εἶναι,·
1070 489 1092 583 ἢ
1114 495 1153 560 τὸ
1174 494 1304 581 γράψαι

237 599 472 688 Ταυροσθένην
498 598 680 686 Ἀθηναῖον
712 593 811 678 εἶναι,
840 597 917 676 τοὺς
945 597 1004 680 μέν
1033 592 1133 665 αότσῦ
1162 595 1303 674 πολίτας

233 701 584 786 καταδουλωσάμενον,
613 704 672 788 τῆς
695 699 729 766 δ’
752 697 899 786 Εὖβοίας
921 697 998 786 ὅλης
1019 699 1103 782 μετά
1125 701 1183 764 τοῦ
1206 695 1304 766 ἀδελ-

234 809 300 892 φοῦ
330 806 476 872 Καλλίου
512 803 678 890 προδότην
714 803 880 891 Φιλίππῳ
914 807 1142 888 γεγενημένους
1176 799 1213 867 ὃν
1246 797 1303 868 οῦκ

234 909 333 978 ἐῶσιν
363 907 397 973 οί
425 906 522 990 νόμοι
551 909 608 991 τῆς
634 905 821 991 Ἀθηναίων
850 905 957 991 χώρας
983 903 1182 990 ἐπιβαίνειν,
1215 904 1243 971 εἰ
1267 905 1302 971 δὲ

233 1011 295 1097 μή,
324 1023 396 1089 τοῖς
425 1004 538 1087 αῦτσῖς
567 1008 677 1092 ένοχσν
707 1003 791 1076 εἶναι
819 1005 1005 1075 κελεύουσιν
1036 1002 1155 1092 οἷσπερ
1185 1004 1226 1072 ἀν
1250 1031 1302 1086 τις

233 1115 298 1180 τῶν
327 1109 513 1197 φευγόντων
543 1111 578 1190 ἒξ
602 1109 733 1193 Ἀρείου
756 1108 865 1195 πάγου
888 1116 991 1196 κατίῃ.
1029 1110 1082 1174 καί
1105 1110 1221 1176 τοῦτον
1245 1102 1302 1173 σό-

181 1223 222 1283 45
232 1239 289 1293 τος
318 1211 336 1281 δ
367 1214 541 1298 δημοτικός
569 1210 725 1296 ὑμέτερον
758 1214 882 1297 ἔγραψε
910 1214 1049 1300 πολίτην
1078 1205 1173 1278 εἶναι.
1224 1212 1301 1294 περὶ

232 1317 356 1383 τούτων
380 1303 437 1382 οῦν
458 1315 625 1400 μάρτυρας
646 1310 723 1397 ὑμῖν
747 1314 797 1380 δεῖ
817 1316 938 1392 καλεῖν,
957 1306 983 1402 ἢ
1004 1313 1169 1396 περὶτῶν
1193 1311 1300 1378 ἀλλων

233 1415 332 1496 άσους
362 1411 458 1496 οὗτος
490 1423 631 1502 γέγραφε
663 1414 843 1500 προξένους
880 1409 964 1481 εἶναι
999 1417 1053 1481 καί
1080 1409 1281 1502 Ἀθηναίους
1289 1442 1300 1497 ,·

179 1537 209 1588 96
229 1515 351 1608 (εἶτα),
386 1519 471 1602 πρὸς
499 1521 559 1605 τῆς
583 1519 588 1604 Ι
611 1515 775 1604 Ἀθηνᾶς,
803 1517 920 1584 οῖέσθε
943 1514 1041 1582 αὖτόν
1064 1510 1219 1601 ἀργύριον
1240 1516 1299 1600 μὲν

229 1629 354 1708 χαίρειν
383 1620 608 1706 λαμβάνοντα,
639 1626 777 1705 χρυσίου
809 1616 841 1684 δ’
874 1618 979 1686 ε’ίκοσι
1007 1617 1152 1685 τάλαντα
1180 1614 1238 1685 οῦκ
1260 1611 1299 1684 ἀν
1344 1605 1348 1609 ”

230 1727 343 1809 λαβεῖν
350 1754 362 1808 ,·
384 1720 406 1809 ἢ
426 1723 508 1791 κατὰ
530 1723 646 1809 μικρόν
668 1723 727 1806 μὲν
750 1723 957 1806 δωροδοκεῖν,
983 1715 1109 1806 ἀθρόον
1129 1716 1161 1786 δ’
1180 1717 1237 1790 οῦκ
1260 1716 1300 1788 ἀν

229 1827 486 1911 προσδέξασθαι
506 1833 698 1892 τοσοῦτον
721 1826 851 1913 λῆμμα,·
872 1817 894 1911 ἢ
916 1824 974 1891 τίν
997 1819 1172 1909 ίξἉρείου
1188 1823 1297 1910 πάγου

227 1929 348 2017 βουλήν
376 1935 596 2016 Δημοσθένην
624 1930 677 1995 καί
705 1927 865 2014 Δημάδην
893 1929 946 1994 καί
973 1929 1223 2014 Κηφισοφῶντα
1246 1928 1300 2014 ζη-

226 2033 376 2121 τήσασαν
399 2034 435 2112 ἓξ
455 2035 559 2119 μῆνας
581 2029 703 2110 ἀδίκως
726 2030 772 2109 είς
794 2027 878 2114 όμάς
900 2032 1116 2115 πεποιῆσθαι
1136 2029 1195 2108 τάς
1211 2027 1298 2096 ἀπσ-

227 2137 346 2223 φάσεις
353 2164 365 2219 ,·

177 2246 217 2309 46
313 2239 450 2317 Πολλοί,
475 2227 500 2302 ὦ
522 2234 652 2320 ἀνδρες,
676 2236 797 2301 πολλοὶ
819 2236 884 2300 τῶν
906 2237 1053 2302 πολιτῶν
1075 2235 1128 2300 καί
1151 2237 1218 2302 ταῖν
1241 2233 1300 2302 άλ-

228 2342 293 2407 λων
313 2335 484 2428 Ἑλλήνων,
508 2335 590 2422 όπερ
613 2339 667 2404 καὶ
690 2337 852 2420 πρότερον
876 2331 981 2418 εἷπον,
1004 2339 1190 2422 θεωροῦσιν
1212 2334 1298 2418 ὑμᾶς

227 2444 302 2520 πῶς
323 2443 438 2508 τοῦτον
462 2439 611 2507 δικάσετε
633 2439 690 2507 τὸν
714 2436 845 2524 ἀγῶνα,
877 2441 931 2505 καί
960 2437 1102 2523 πότερον
1126 2437 1298 2522 εἰσαγωγί-

226 2568 309 2628 μους
330 2544 385 2610 καί
407 2542 466 2622 τὰς
486 2545 552 2609 τῶν
575 2540 683 2608 ἀλλων
708 2542 909 2626 δωροδοκίας
931 2537 1103 2628 ποιήσετε,
1135 2531 1157 2627 ἢ
1180 2533 1297 2625 ἀνέδην

227 2646 358 2725 ἐξέσται
381 2647 471 2730 δσῖρα
493 2643 672 2729 λαμβάνειν
694 2641 776 2711 καθ’
801 2643 892 2728 ἀμῶν
914 2648 969 2709 καί
989 2641 1032 2708 τά
1054 2641 1216 2727 πρότερον
1240 2644 1297 2717 δο-

225 2751 345 2815 κοῦντα
367 2749 473 2815 πιστὰ
500 2751 553 2815 καί
582 2753 702 2833 βέβαια
731 2741 894 2814 εἶναινῦν
917 2743 1046 2812 ἀπιστα
1069 2745 1125 2812 διὰ
1147 2745 1205 2833 τὴν
1227 2750 1297 2832 Δη-

225 2856 413 2934 μοσθένους
434 2847 540 2934 κρίσιν
561 2848 747 2939 γενήσεται,
777 2846 821 2915 ὃν
850 2849 884 2915 ἐκ
911 2855 977 2915 ταῖν
1001 2844 1108 2914 ἀλλων
1131 2855 1295 2933 προσῆκεν

225 2949 436 3020 ἀπολωλέναι
461 2959 526 3018 τάν
549 2952 838 3033 πεπολιτευμένων
861 2943 961 3036 αὐτῷ,
992 2946 1029 3029 ὃς
1051 2946 1199 3027 άπάσαις
1221 2952 1296 3026 ταῖς

225 3051 322 3138 ἀραῖς
350 3059 424 3132 ταῖς
453 3053 486 3120 έν
514 3061 554 3141 τῇ
581 3052 680 3120 πόλει
707 3058 914 3137 γινομέναις
942 3052 1054 3133 ένοχος
1081 3054 1292 3138 καθέστηκεν,

174 3155 437 3244 47ίπιωρκηκάς
467 3155 527 3240 μέν
555 3155 614 3234 τὰς
642 3157 764 3238 σεμνάς
791 3155 876 3234 θεάς
904 3154 938 3222 έν
964 3149 1085 3239 Ἀρείῳ
1115 3153 1212 3239 πάγῳ
1240 3155 1293 3221 καὶ

223 3259 300 3338 τοὺς
322 3256 442 3338 ἀλλους
464 3259 567 3339 θεοδς
590 3256 647 3338 οῦς
669 3258 735 3326 ἐκεῖ
757 3257 960 3341 διόμνυσθαι
977 3254 1117 3339 νόμιμόν
1133 3255 1215 3335 ἐστι,
1237 3281 1295 3323 κα-

225 3417 426 3428 ——..

291 3505 307 3555 9
329 3495 434 3567 μόδιοι;
458 3515 521 3552 corr.
541 3498 649 3551 Gibbon.
674 3529 707 3538 —
732 3502 763 3553 10
780 3489 835 3562 όπη
853 3498 875 3550 Α
893 3527 926 3536 -
944 3493 1086 3568 καταφυγὴ
1104 3497 1134 3551 N.
1156 3525 1190 3535 -
1212 3496 1258 3560 44,
1279 3500 1292 3552 1

239 3566 328 3638 ράψαι
345 3568 395 3620 del.
408 3567 509 3631 Reiske‚
523 3582 571 3619 om.
586 3573 603 3621 t.
622 3597 655 3606 -
674 3571 689 3620 2
706 3562 791 3635 (τὸν)
808 3563 870 3619 τοὺς
881 3565 967 3618 Baiter
984 3595 1017 3604 —
1036 3561 1130 3617 αὐτοῖσι
1150 3581 1212 3618 corr.
1227 3564 1294 3617 Bek-

222 3588 312 3690 4eu—
329 3641 344 3689 Ἰ
362 3640 452 3689 κατίοι
468 3635 498 3688 Α.
516 3665 549 3674 -
566 3634 612 3699 45,
630 3639 648 3688 4
664 3634 724 3687 σῖτα
742 3634 799 3688 αδδ,
811 3633 935 3687 Gebauer.
953 3663 987 3673 -
1005 3638 1019 3688 ῖ
1037 3633 1148 3686 τοῦτονι
1167 3649 1231 3686 corr.
1248 3632 1293 3686 A&

222 3735 257 3744 —
280 3707 295 3758 8
319 3701 398 3773 (διδ)
419 3704 550 3758 Δ.Β1οοε.
573 3732 614 3760 -,
629 3703 675 3767 46,
695 3707 708 3758 1
732 3700 812 3770 (καί)
828 3703 889 3755 ταῖν
905 3720 935 3756 π.
953 3702 1026 3754 malit
1043 3701 1124 3755 BlasS.
1143 3731 1176 3740 -
1194 3703 1209 3754 3
1227 3696 1292 3768 πρό-

222 3791 302 3843 τερον
319 3775 342 3824 A
359 3789 410 3839 pr„
434 3786 518 3825 rasura
538 3787 601 3824 corr.
624 3800 658 3811 -
680 3776 697 3825 4
713 3769 762 3824 τάι
778 3767 848 3823 κατὰ
865 3769 924 3823 τοῖν
941 3771 973 3836 N,
991 3771 1022 3822 σί.
1042 3770 1059 3821 G
1077 3785 1102 3836 p.
1118 3771 1148 3822 12
1166 3798 1200 3809 -
1217 3763 1293 3820 ἀναί-

223 3837 274 3908 δην
291 3841 322 3893 Ν.
340 3871 373 3880 -
390 3845 404 3895 ῖ
424 3826 465 3892 ἀν
482 3841 527 3894 ΝΑ
544 3856 590 3907 pr,
608 3840 634 3891 in
652 3842 673 3891 Α
692 3855 778 3893 rasura
797 3855 860 3892 corr.
878 3869 912 3879 -
930 3843 946 3894 9
963 3841 1130 3909 γενομέναιει
1149 3852 1213 3890 corr.
1226 3835 1293 3888 Bek-

222 3909 269 3962 ker
290 3939 323 3948 -
342 3925 438 3964 ....οτ
458 3910 479 3960 Α
497 3923 548 3975 μα,
569 3910 660 3972 ἔνοχοι
677 3909 719 3960 A1.
743 3937 777 3946 ·-
805 3907 848 3973 47,
868 3912 879 3961 1
900 3903 1059 3976 έπιορκιιιαῖε
1075 3906 1097 3959 N
1116 3921 1168 3972 pn,
1193 3906 1293 3975 ἐπιωρ-

222 3975 303 4030 κικάε
320 3977 363 4043 N¹‚
380 3973 546 4048 επωρκηκάι
563 3977 644 4043 Αρι,
662 3992 726 4030 corr.
737 3976 816 4030 N242.
834 4007 868 4016 -
886 3979 901 4030 2
919 3973 982 4028 τοὺς
998 3989 1073 4042 supra
1092 3988 1194 4026 versum
1212 3973 1255 4030 4¹.
