<?xml version="1.0" encoding="UTF-8"?>
<!DOCTYPE html PUBLIC "-//W3C//DTD XHTML 1.0 Transitional//EN"
    "http://www.w3.org/TR/xhtml1/DTD/xhtml1-transitional.dtd">
<html xmlns="http://www.w3.org/1999/xhtml" xml:lang="en" lang="en">
 <head>
  <title>
</title>
<meta http-equiv="Content-Type" content="text/html;charset=utf-8" />
  <meta name='ocr-system' content='tesseract 3.04.00' />
  <meta name='ocr-capabilities' content='ocr_page ocr_carea ocr_par ocr_line ocrx_word'/>
</head>
<body>
  <div class='ocr_page' id='page_1' title='image "./dinarchioration03dinagoog_0013.png"; bbox 0 0 2882 4554; ppageno 0'>
   <div class='ocr_carea' id='block_1_1' title="bbox 204 219 1085 276">
    <p class='ocr_par' dir='ltr' id='par_1_1' title="bbox 204 219 1085 276">
     <span class='ocr_line' id='line_1_1' title="bbox 204 219 1085 276; baseline 0.005 -6"><span class='ocrx_word' id='word_1_1' title='bbox 204 220 257 272; x_wconf 85' lang='lat' dir='ltr'><strong>Vlll</strong></span> <span class='ocrx_word' id='word_1_2' title='bbox 386 219 514 272; x_wconf 85' lang='lat' dir='ltr'><strong>CAUSAE</strong></span> <span class='ocrx_word' id='word_1_3' title='bbox 532 219 735 272; x_wconf 82' lang='lat' dir='ltr'><strong>llARPALlGAD</strong></span> <span class='ocrx_word' id='word_1_4' title='bbox 753 221 941 274; x_wconf 81' lang='lat' dir='ltr'>DESCRIPTIO</span> <span class='ocrx_word' id='word_1_5' title='bbox 959 223 1085 276; x_wconf 48' lang='lat' dir='ltr'><strong>BREVlS¹</strong></span> 
     </span>
    </p>
   </div>
   <div class='ocr_carea' id='block_1_2' title="bbox 203 394 1396 993">
    <p class='ocr_par' dir='ltr' id='par_1_2' title="bbox 203 394 1396 993">
     <span class='ocr_line' id='line_1_2' title="bbox 204 394 1373 479; baseline 0.004 -24"><span class='ocrx_word' id='word_1_6' title='bbox 204 394 370 469; x_wconf 88' lang='lat' dir='ltr'><strong>Thihrone‚</strong></span> <span class='ocrx_word' id='word_1_7' title='bbox 399 396 649 458; x_wconf 82' lang='lat' dir='ltr'><strong>mercenariorum</strong></span> <span class='ocrx_word' id='word_1_8' title='bbox 671 397 761 470; x_wconf 90' lang='lat' dir='ltr'><strong>duce,</strong></span> <span class='ocrx_word' id='word_1_9' title='bbox 784 397 956 460; x_wconf 81' lang='lat' dir='ltr'><strong>interfectus</strong></span> <span class='ocrx_word' id='word_1_10' title='bbox 977 407 1035 474; x_wconf 87' lang='lat' dir='ltr'><strong>est;</strong></span> <span class='ocrx_word' id='word_1_11' title='bbox 1068 407 1154 479; x_wconf 92' lang='lat' dir='ltr'><strong>atque</strong></span> <span class='ocrx_word' id='word_1_12' title='bbox 1174 417 1265 479; x_wconf 91' lang='lat' dir='ltr'><strong>pecu·</strong></span> <span class='ocrx_word' id='word_1_13' title='bbox 1370 403 1373 408; x_wconf 87' lang='lat'>&#39;</span> 
     </span>
     <span class='ocr_line' id='line_1_3' title="bbox 204 491 1395 581; baseline 0.003 -22"><span class='ocrx_word' id='word_1_14' title='bbox 204 499 285 572; x_wconf 90' lang='lat' dir='ltr'><strong>niae,</strong></span> <span class='ocrx_word' id='word_1_15' title='bbox 312 516 378 558; x_wconf 92' lang='lat' dir='ltr'><strong>cum</strong></span> <span class='ocrx_word' id='word_1_16' title='bbox 402 497 546 576; x_wconf 83' lang='lat' dir='ltr'><strong>Harpalus</strong></span> <span class='ocrx_word' id='word_1_17' title='bbox 568 499 676 558; x_wconf 92' lang='lat' dir='ltr'><strong>talenta</strong></span> <span class='ocrx_word' id='word_1_18' title='bbox 698 499 884 578; x_wconf 83' lang='lat' dir='ltr'><strong>septingenta</strong></span> <span class='ocrx_word' id='word_1_19' title='bbox 907 519 939 560; x_wconf 91' lang='lat' dir='ltr'><strong>se</strong></span> <span class='ocrx_word' id='word_1_20' title='bbox 960 500 1090 562; x_wconf 88' lang='lat' dir='ltr'><strong>attulisse</strong></span> <span class='ocrx_word' id='word_1_21' title='bbox 1115 502 1266 581; x_wconf 77' lang='lat' dir='ltr'><strong>professus</strong></span> <span class='ocrx_word' id='word_1_22' title='bbox 1377 491 1395 542; x_wconf 67' lang='lat'><strong>⁷7</strong></span> 
     </span>
     <span class='ocr_line' id='line_1_4' title="bbox 203 600 1383 684; baseline 0.002 -22"><span class='ocrx_word' id='word_1_23' title='bbox 203 611 293 675; x_wconf 86' lang='lat' dir='ltr'><strong>esset,</strong></span> <span class='ocrx_word' id='word_1_24' title='bbox 321 620 388 680; x_wconf 89' lang='lat' dir='ltr'><strong>pars</strong></span> <span class='ocrx_word' id='word_1_25' title='bbox 410 600 527 661; x_wconf 92' lang='lat' dir='ltr'><strong>dimidia</strong></span> <span class='ocrx_word' id='word_1_26' title='bbox 549 602 611 661; x_wconf 85' lang='lat' dir='ltr'><strong>fere</strong></span> <span class='ocrx_word' id='word_1_27' title='bbox 635 601 666 661; x_wconf 93' lang='lat' dir='ltr'><strong>in</strong></span> <span class='ocrx_word' id='word_1_28' title='bbox 688 619 755 662; x_wconf 91' lang='lat' dir='ltr'><strong>arce</strong></span> <span class='ocrx_word' id='word_1_29' title='bbox 778 602 910 681; x_wconf 91' lang='lat' dir='ltr'><strong>deposita</strong></span> <span class='ocrx_word' id='word_1_30' title='bbox 932 611 988 678; x_wconf 87' lang='lat' dir='ltr'><strong>est,</strong></span> <span class='ocrx_word' id='word_1_31' title='bbox 1011 603 1168 683; x_wconf 87' lang='lat' dir='ltr'><strong>reliquam,</strong></span> <span class='ocrx_word' id='word_1_32' title='bbox 1191 623 1266 684; x_wconf 93' lang='lat' dir='ltr'><strong>quae</strong></span> <span class='ocrx_word' id='word_1_33' title='bbox 1380 645 1383 652; x_wconf 85' lang='lat'>-</span> 
     </span>
     <span class='ocr_line' id='line_1_5' title="bbox 203 684 1395 786; baseline 0.003 -22"><span class='ocrx_word' id='word_1_34' title='bbox 203 704 311 777; x_wconf 84' lang='lat' dir='ltr'><strong>deerat,</strong></span> <span class='ocrx_word' id='word_1_35' title='bbox 333 702 551 782; x_wconf 87' lang='lat' dir='ltr'><strong>magistratibus</strong></span> <span class='ocrx_word' id='word_1_36' title='bbox 572 703 743 783; x_wconf 86' lang='lat' dir='ltr'><strong>civibusque</strong></span> <span class='ocrx_word' id='word_1_37' title='bbox 757 704 834 784; x_wconf 91' lang='lat' dir='ltr'><strong>apud</strong></span> <span class='ocrx_word' id='word_1_38' title='bbox 849 705 966 785; x_wconf 87' lang='lat' dir='ltr'><strong>plebem</strong></span> <span class='ocrx_word' id='word_1_39' title='bbox 981 706 1153 786; x_wconf 86' lang='lat' dir='ltr'><strong>potentibus</strong></span> <span class='ocrx_word' id='word_1_40' title='bbox 1168 707 1266 768; x_wconf 90' lang='lat' dir='ltr'><strong>distri·</strong></span> <span class='ocrx_word' id='word_1_41' title='bbox 1361 713 1374 726; x_wconf 74' lang='lat'><strong>‘·</strong></span> <span class='ocrx_word' id='word_1_42' title='bbox 1384 684 1395 734; x_wconf 68' lang='lat'><strong>²,</strong></span> 
     </span>
     <span class='ocr_line' id='line_1_6' title="bbox 203 799 1395 888; baseline 0.004 -21"><span class='ocrx_word' id='word_1_43' title='bbox 203 807 301 868; x_wconf 93' lang='lat' dir='ltr'><strong>hutam</strong></span> <span class='ocrx_word' id='word_1_44' title='bbox 325 824 388 867; x_wconf 90' lang='lat' dir='ltr'><strong>esse</strong></span> <span class='ocrx_word' id='word_1_45' title='bbox 410 805 538 884; x_wconf 89' lang='lat' dir='ltr'><strong>suspicio</strong></span> <span class='ocrx_word' id='word_1_46' title='bbox 554 816 625 868; x_wconf 88' lang='lat' dir='ltr'><strong>erat.</strong></span> <span class='ocrx_word' id='word_1_47' title='bbox 662 806 723 867; x_wconf 91' lang='lat' dir='ltr'><strong>lam</strong></span> <span class='ocrx_word' id='word_1_48' title='bbox 738 807 875 886; x_wconf 87' lang='lat' dir='ltr'><strong>populus,</strong></span> <span class='ocrx_word' id='word_1_49' title='bbox 900 809 979 887; x_wconf 91' lang='lat' dir='ltr'><strong>quod</strong></span> <span class='ocrx_word' id='word_1_50' title='bbox 1001 816 1096 870; x_wconf 90' lang='lat' dir='ltr'><strong>metus</strong></span> <span class='ocrx_word' id='word_1_51' title='bbox 1115 811 1266 883; x_wconf 78' lang='lat' dir='ltr'><strong>inciderat,</strong></span> <span class='ocrx_word' id='word_1_52' title='bbox 1344 834 1347 840; x_wconf 91' lang='lat'>·</span> <span class='ocrx_word' id='word_1_53' title='bbox 1381 799 1395 888; x_wconf 30' lang='grc' dir='ltr'><strong>,ἔ</strong></span> 
     </span>
     <span class='ocr_line' id='line_1_7' title="bbox 204 897 1396 993; baseline 0.005 -24"><span class='ocrx_word' id='word_1_54' title='bbox 204 929 243 971; x_wconf 91' lang='lat' dir='ltr'><strong>ne</strong></span> <span class='ocrx_word' id='word_1_55' title='bbox 264 928 315 970; x_wconf 86' lang='lat' dir='ltr'><strong>rex</strong></span> <span class='ocrx_word' id='word_1_56' title='bbox 336 909 426 970; x_wconf 87' lang='lat' dir='ltr'><strong>totius</strong></span> <span class='ocrx_word' id='word_1_57' title='bbox 448 927 579 970; x_wconf 89' lang='lat' dir='ltr'><strong>summae</strong></span> <span class='ocrx_word' id='word_1_58' title='bbox 602 910 730 986; x_wconf 83' lang='lat' dir='ltr'><strong>rationes</strong></span> <span class='ocrx_word' id='word_1_59' title='bbox 752 910 788 970; x_wconf 91' lang='lat' dir='ltr'><strong>ab</strong></span> <span class='ocrx_word' id='word_1_60' title='bbox 804 910 1028 972; x_wconf 82' lang='lat' dir='ltr'><strong>Atheniensium</strong></span> <span class='ocrx_word' id='word_1_61' title='bbox 1044 913 1159 974; x_wconf 87' lang='lat' dir='ltr'><strong>civitate</strong></span> <span class='ocrx_word' id='word_1_62' title='bbox 1179 931 1266 993; x_wconf 89' lang='lat' dir='ltr'><strong>repe·</strong></span> <span class='ocrx_word' id='word_1_63' title='bbox 1322 949 1325 954; x_wconf 92' lang='lat'><em>-</em></span> <span class='ocrx_word' id='word_1_64' title='bbox 1385 897 1396 934; x_wconf 66' lang='lat'><strong>‘⁶</strong></span> 
     </span>
    </p>
   </div>
   <div class='ocr_carea' id='block_1_3' title="bbox 203 1011 1266 1096">
    <p class='ocr_par' dir='ltr' id='par_1_3' title="bbox 203 1011 1266 1096">
     <span class='ocr_line' id='line_1_8' title="bbox 203 1011 1266 1096; baseline 0.004 -23"><span class='ocrx_word' id='word_1_65' title='bbox 203 1022 288 1085; x_wconf 89' lang='lat' dir='ltr'><strong>teret,</strong></span> <span class='ocrx_word' id='word_1_66' title='bbox 310 1011 438 1091; x_wconf 92' lang='lat' dir='ltr'><strong>primum</strong></span> <span class='ocrx_word' id='word_1_67' title='bbox 462 1012 604 1087; x_wconf 78' lang='lat' dir='ltr'><strong>decrevit,</strong></span> <span class='ocrx_word' id='word_1_68' title='bbox 620 1021 654 1073; x_wconf 91' lang='lat' dir='ltr'><strong>ut</strong></span> <span class='ocrx_word' id='word_1_69' title='bbox 677 1013 726 1092; x_wconf 93' lang='lat' dir='ltr'><strong>qui</strong></span> <span class='ocrx_word' id='word_1_70' title='bbox 749 1013 904 1093; x_wconf 91' lang='lat' dir='ltr'><strong>pecuniam</strong></span> <span class='ocrx_word' id='word_1_71' title='bbox 920 1013 955 1074; x_wconf 91' lang='lat' dir='ltr'><strong>ah</strong></span> <span class='ocrx_word' id='word_1_72' title='bbox 972 1014 1100 1095; x_wconf 86' lang='lat' dir='ltr'><strong>llarpalo</strong></span> <span class='ocrx_word' id='word_1_73' title='bbox 1115 1023 1266 1096; x_wconf 83' lang='lat' dir='ltr'><strong>acceptam</strong></span> 
     </span>
    </p>
   </div>
   <div class='ocr_carea' id='block_1_4' title="bbox 203 1113 1313 1196">
    <p class='ocr_par' dir='ltr' id='par_1_4' title="bbox 203 1091 1395 1196">
     <span class='ocr_line' id='line_1_9' title="bbox 203 1113 1313 1196; baseline 0.004 -22"><span class='ocrx_word' id='word_1_74' title='bbox 203 1113 320 1192; x_wconf 90' lang='lat' dir='ltr'><strong>puhlice</strong></span> <span class='ocrx_word' id='word_1_75' title='bbox 353 1113 541 1175; x_wconf 88' lang='lat' dir='ltr'><strong>tradidissent</strong></span> <span class='ocrx_word' id='word_1_76' title='bbox 574 1133 671 1192; x_wconf 92' lang='lat' dir='ltr'><strong>poena</strong></span> <span class='ocrx_word' id='word_1_77' title='bbox 693 1115 902 1189; x_wconf 89' lang='lat' dir='ltr'><strong>liberarentur,</strong></span> <span class='ocrx_word' id='word_1_78' title='bbox 930 1123 1006 1188; x_wconf 87' lang='lat' dir='ltr'><strong>turn,</strong></span> <span class='ocrx_word' id='word_1_79' title='bbox 1036 1134 1103 1177; x_wconf 89' lang='lat' dir='ltr'><strong>cum</strong></span> <span class='ocrx_word' id='word_1_80' title='bbox 1125 1118 1267 1196; x_wconf 88' lang='lat' dir='ltr'><strong>pleraque</strong></span> <span class='ocrx_word' id='word_1_81' title='bbox 1311 1165 1313 1170; x_wconf 68' lang='lat'><strong>,</strong></span> 
     </span>
    </p>
   </div>
   <div class='ocr_carea' id='block_1_5' title="bbox 202 1214 1267 1706">
    <p class='ocr_par' dir='ltr' id='par_1_5' title="bbox 202 1214 1267 1706">
     <span class='ocr_line' id='line_1_10' title="bbox 202 1214 1265 1298; baseline 0.006 -25"><span class='ocrx_word' id='word_1_82' title='bbox 202 1214 343 1288; x_wconf 87' lang='lat' dir='ltr'><strong>laterent,</strong></span> <span class='ocrx_word' id='word_1_83' title='bbox 374 1215 548 1294; x_wconf 83' lang='lat' dir='ltr'><strong>rogantibus</strong></span> <span class='ocrx_word' id='word_1_84' title='bbox 570 1215 783 1290; x_wconf 82' lang='lat' dir='ltr'><strong>Demosthene,</strong></span> <span class='ocrx_word' id='word_1_85' title='bbox 814 1217 953 1290; x_wconf 88' lang='lat' dir='ltr'><strong>Philocle,</strong></span> <span class='ocrx_word' id='word_1_86' title='bbox 983 1217 1045 1279; x_wconf 91' lang='lat' dir='ltr'><strong>aliis</strong></span> <span class='ocrx_word' id='word_1_87' title='bbox 1068 1218 1168 1298; x_wconf 93' lang='lat' dir='ltr'><strong>populi</strong></span> <span class='ocrx_word' id='word_1_88' title='bbox 1191 1219 1265 1279; x_wconf 88' lang='lat' dir='ltr'><strong>scito</strong></span> 
     </span>
     <span class='ocr_line' id='line_1_11' title="bbox 203 1318 1265 1400; baseline 0.003 -21"><span class='ocrx_word' id='word_1_89' title='bbox 203 1318 446 1397; x_wconf 85' lang='lat' dir='ltr'><strong>Areopagitarum</strong></span> <span class='ocrx_word' id='word_1_90' title='bbox 463 1318 585 1396; x_wconf 91' lang='lat' dir='ltr'><strong>collegio</strong></span> <span class='ocrx_word' id='word_1_91' title='bbox 604 1319 769 1400; x_wconf 78' lang='lat' dir='ltr'><strong>mandatur,</strong></span> <span class='ocrx_word' id='word_1_92' title='bbox 792 1328 825 1380; x_wconf 92' lang='lat' dir='ltr'><strong>ut</strong></span> <span class='ocrx_word' id='word_1_93' title='bbox 847 1339 910 1380; x_wconf 91' lang='lat' dir='ltr'><strong>eam</strong></span> <span class='ocrx_word' id='word_1_94' title='bbox 933 1321 963 1381; x_wconf 89' lang='lat' dir='ltr'><strong>in</strong></span> <span class='ocrx_word' id='word_1_95' title='bbox 987 1339 1048 1381; x_wconf 91' lang='lat' dir='ltr'><strong>rem</strong></span> <span class='ocrx_word' id='word_1_96' title='bbox 1071 1321 1265 1400; x_wconf 87' lang='lat' dir='ltr'><strong>inquirerent,</strong></span> 
     </span>
     <span class='ocr_line' id='line_1_12' title="bbox 202 1421 1265 1504; baseline 0.004 -24"><span class='ocrx_word' id='word_1_97' title='bbox 202 1439 376 1500; x_wconf 87' lang='lat' dir='ltr'><strong>poenaeque</strong></span> <span class='ocrx_word' id='word_1_98' title='bbox 397 1421 456 1482; x_wconf 91' lang='lat' dir='ltr'><strong>reis</strong></span> <span class='ocrx_word' id='word_1_99' title='bbox 477 1421 663 1500; x_wconf 88' lang='lat' dir='ltr'><strong>gravissimae</strong></span> <span class='ocrx_word' id='word_1_100' title='bbox 685 1421 854 1499; x_wconf 90' lang='lat' dir='ltr'><strong>irrogantur</strong></span> <span class='ocrx_word' id='word_1_101' title='bbox 877 1423 954 1500; x_wconf 89' lang='lat' dir='ltr'><strong>(Din.</strong></span> <span class='ocrx_word' id='word_1_102' title='bbox 978 1423 1027 1498; x_wconf 87' lang='lat' dir='ltr'><strong>lll,</strong></span> <span class='ocrx_word' id='word_1_103' title='bbox 1052 1425 1092 1500; x_wconf 85' lang='lat'><strong>5).</strong></span> <span class='ocrx_word' id='word_1_104' title='bbox 1135 1424 1265 1504; x_wconf 90' lang='lat' dir='ltr'><strong>Areopa-</strong></span> 
     </span>
     <span class='ocr_line' id='line_1_13' title="bbox 202 1523 1266 1602; baseline 0.003 -19"><span class='ocrx_word' id='word_1_105' title='bbox 202 1523 288 1601; x_wconf 88' lang='lat' dir='ltr'><strong>gitae,</strong></span> <span class='ocrx_word' id='word_1_106' title='bbox 314 1533 470 1602; x_wconf 89' lang='lat' dir='ltr'><strong>postquam</strong></span> <span class='ocrx_word' id='word_1_107' title='bbox 492 1542 551 1602; x_wconf 84' lang='lat' dir='ltr'><strong>pen</strong></span> <span class='ocrx_word' id='word_1_108' title='bbox 568 1541 685 1584; x_wconf 89' lang='lat' dir='ltr'><strong>menses</strong></span> <span class='ocrx_word' id='word_1_109' title='bbox 708 1541 758 1584; x_wconf 87' lang='lat' dir='ltr'><strong>sex</strong></span> <span class='ocrx_word' id='word_1_110' title='bbox 781 1523 982 1602; x_wconf 89' lang='lat' dir='ltr'><strong>quaestionem</strong></span> <span class='ocrx_word' id='word_1_111' title='bbox 1005 1533 1167 1601; x_wconf 85' lang='lat' dir='ltr'><strong>traxerunt,</strong></span> <span class='ocrx_word' id='word_1_112' title='bbox 1190 1526 1266 1588; x_wconf 92' lang='lat' dir='ltr'><strong>indi-</strong></span> 
     </span>
     <span class='ocr_line' id='line_1_14' title="bbox 203 1625 1267 1706; baseline 0.002 -20"><span class='ocrx_word' id='word_1_113' title='bbox 203 1644 267 1686; x_wconf 89' lang='lat' dir='ltr'><strong>cem</strong></span> <span class='ocrx_word' id='word_1_114' title='bbox 290 1645 402 1701; x_wconf 85' lang='lat' dir='ltr'><strong>corum,</strong></span> <span class='ocrx_word' id='word_1_115' title='bbox 426 1626 476 1705; x_wconf 90' lang='lat' dir='ltr'><strong>qui</strong></span> <span class='ocrx_word' id='word_1_116' title='bbox 491 1626 634 1705; x_wconf 89' lang='lat' dir='ltr'><strong>pecunias</strong></span> <span class='ocrx_word' id='word_1_117' title='bbox 648 1626 684 1686; x_wconf 92' lang='lat' dir='ltr'><strong>ah</strong></span> <span class='ocrx_word' id='word_1_118' title='bbox 700 1625 826 1706; x_wconf 81' lang='lat' dir='ltr'><strong>Harpalo</strong></span> <span class='ocrx_word' id='word_1_119' title='bbox 848 1625 970 1687; x_wconf 89' lang='lat' dir='ltr'><strong>donatas</strong></span> <span class='ocrx_word' id='word_1_120' title='bbox 993 1626 1132 1699; x_wconf 75' lang='lat' dir='ltr'><strong>celarent</strong></span> <span class='ocrx_word' id='word_1_121' title='bbox 1155 1630 1189 1688; x_wconf 89' lang='lat' dir='ltr'><strong>ad</strong></span> <span class='ocrx_word' id='word_1_122' title='bbox 1213 1648 1267 1706; x_wconf 94' lang='lat' dir='ltr'><strong>po-</strong></span> 
     </span>
    </p>
   </div>
   <div class='ocr_carea' id='block_1_6' title="bbox 202 1704 1397 1810">
    <p class='ocr_par' dir='ltr' id='par_1_6' title="bbox 202 1704 1397 1810">
     <span class='ocr_line' id='line_1_15' title="bbox 202 1704 1397 1810; baseline 0 -22"><span class='ocrx_word' id='word_1_123' title='bbox 202 1729 304 1807; x_wconf 91' lang='lat' dir='ltr'><strong>pulum</strong></span> <span class='ocrx_word' id='word_1_124' title='bbox 327 1730 504 1803; x_wconf 84' lang='lat' dir='ltr'><strong>detulerunt,</strong></span> <span class='ocrx_word' id='word_1_125' title='bbox 527 1729 673 1809; x_wconf 90' lang='lat' dir='ltr'><strong>adscripta</strong></span> <span class='ocrx_word' id='word_1_126' title='bbox 695 1747 816 1804; x_wconf 87' lang='lat' dir='ltr'><strong>summa,</strong></span> <span class='ocrx_word' id='word_1_127' title='bbox 839 1747 926 1808; x_wconf 93' lang='lat' dir='ltr'><strong>quam</strong></span> <span class='ocrx_word' id='word_1_128' title='bbox 950 1729 1074 1808; x_wconf 92' lang='lat' dir='ltr'><strong>quisque</strong></span> <span class='ocrx_word' id='word_1_129' title='bbox 1090 1730 1266 1810; x_wconf 86' lang='lat' dir='ltr'><strong>accepisset:</strong></span> <span class='ocrx_word' id='word_1_130' title='bbox 1372 1704 1397 1757; x_wconf 50' lang='grc'><strong>“’</strong></span> 
     </span>
    </p>
   </div>
   <div class='ocr_carea' id='block_1_7' title="bbox 203 1830 1267 2012">
    <p class='ocr_par' dir='ltr' id='par_1_7' title="bbox 203 1830 1267 2012">
     <span class='ocr_line' id='line_1_16' title="bbox 203 1830 1267 1911; baseline 0.003 -21"><span class='ocrx_word' id='word_1_131' title='bbox 203 1830 233 1891; x_wconf 94' lang='lat' dir='ltr'><strong>in</strong></span> <span class='ocrx_word' id='word_1_132' title='bbox 257 1831 302 1891; x_wconf 92' lang='lat' dir='ltr'><strong>his</strong></span> <span class='ocrx_word' id='word_1_133' title='bbox 323 1832 551 1893; x_wconf 86' lang='lat' dir='ltr'><strong>Demosthenem</strong></span> <span class='ocrx_word' id='word_1_134' title='bbox 575 1831 686 1911; x_wconf 87' lang='lat' dir='ltr'><strong>viginti,</strong></span> <span class='ocrx_word' id='word_1_135' title='bbox 716 1831 803 1893; x_wconf 91' lang='lat' dir='ltr'><strong>alium</strong></span> <span class='ocrx_word' id='word_1_136' title='bbox 826 1831 994 1910; x_wconf 91' lang='lat' dir='ltr'><strong>quindecim</strong></span> <span class='ocrx_word' id='word_1_137' title='bbox 1017 1832 1138 1906; x_wconf 89' lang='lat' dir='ltr'><strong>talenta,</strong></span> <span class='ocrx_word' id='word_1_138' title='bbox 1161 1831 1267 1893; x_wconf 90' lang='lat' dir='ltr'><strong>Dema·</strong></span> 
     </span>
     <span class='ocr_line' id='line_1_17' title="bbox 203 1933 1266 2012; baseline 0.002 -20"><span class='ocrx_word' id='word_1_139' title='bbox 203 1933 267 1993; x_wconf 89' lang='lat' dir='ltr'><strong>dem</strong></span> <span class='ocrx_word' id='word_1_140' title='bbox 291 1953 341 1995; x_wconf 84' lang='lat' dir='ltr'><strong>sex</strong></span> <span class='ocrx_word' id='word_1_141' title='bbox 363 1934 442 1995; x_wconf 91' lang='lat' dir='ltr'><strong>milia</strong></span> <span class='ocrx_word' id='word_1_142' title='bbox 464 1952 618 1994; x_wconf 92' lang='lat' dir='ltr'><strong>nummum</strong></span> <span class='ocrx_word' id='word_1_143' title='bbox 640 1952 813 2008; x_wconf 88' lang='lat' dir='ltr'><strong>aureorum,</strong></span> <span class='ocrx_word' id='word_1_144' title='bbox 835 1934 1065 2012; x_wconf 82' lang='lat' dir='ltr'><strong>Aristogitonem</strong></span> <span class='ocrx_word' id='word_1_145' title='bbox 1088 1934 1189 2012; x_wconf 86' lang='lat' dir='ltr'><strong>viginti</strong></span> <span class='ocrx_word' id='word_1_146' title='bbox 1212 1935 1266 1994; x_wconf 92' lang='lat' dir='ltr'><strong>mi·</strong></span> 
     </span>
    </p>
   </div>
   <div class='ocr_carea' id='block_1_8' title="bbox 111 2030 1394 2632">
    <p class='ocr_par' dir='ltr' id='par_1_8' title="bbox 111 2030 1394 2632">
     <span class='ocr_line' id='line_1_18' title="bbox 204 2030 1382 2117; baseline 0.002 -22"><span class='ocrx_word' id='word_1_147' title='bbox 204 2054 256 2096; x_wconf 91' lang='lat' dir='ltr'><strong>nas</strong></span> <span class='ocrx_word' id='word_1_148' title='bbox 278 2037 407 2098; x_wconf 90' lang='lat' dir='ltr'><strong>retinere</strong></span> <span class='ocrx_word' id='word_1_149' title='bbox 429 2037 645 2111; x_wconf 87' lang='lat' dir='ltr'><strong>indicaverunt,</strong></span> <span class='ocrx_word' id='word_1_150' title='bbox 676 2037 806 2097; x_wconf 87' lang='lat' dir='ltr'><strong>rationes</strong></span> <span class='ocrx_word' id='word_1_151' title='bbox 833 2054 917 2107; x_wconf 85' lang='lat' dir='ltr'><strong>vero,</strong></span> <span class='ocrx_word' id='word_1_152' title='bbox 948 2054 1002 2096; x_wconf 89' lang='lat' dir='ltr'><strong>cur</strong></span> <span class='ocrx_word' id='word_1_153' title='bbox 1024 2037 1149 2115; x_wconf 89' lang='lat' dir='ltr'><strong>quisque</strong></span> <span class='ocrx_word' id='word_1_154' title='bbox 1171 2038 1267 2117; x_wconf 92' lang='lat' dir='ltr'><strong>suspi-</strong></span> <span class='ocrx_word' id='word_1_155' title='bbox 1380 2030 1382 2038; x_wconf 52' lang='lat'><strong><em>⁴</em></strong></span> 
     </span>
     <span class='ocr_line' id='line_1_19' title="bbox 203 2138 1386 2220; baseline 0.002 -22"><span class='ocrx_word' id='word_1_156' title='bbox 203 2139 289 2199; x_wconf 90' lang='lat' dir='ltr'><strong>cione</strong></span> <span class='ocrx_word' id='word_1_157' title='bbox 318 2149 515 2220; x_wconf 84' lang='lat' dir='ltr'><strong>premeretur,</strong></span> <span class='ocrx_word' id='word_1_158' title='bbox 547 2139 641 2200; x_wconf 92' lang='lat' dir='ltr'><strong>nullas</strong></span> <span class='ocrx_word' id='word_1_159' title='bbox 670 2139 853 2199; x_wconf 91' lang='lat' dir='ltr'><strong>addiderunt.</strong></span> <span class='ocrx_word' id='word_1_160' title='bbox 902 2138 977 2199; x_wconf 86' lang='lat' dir='ltr'><strong>Tum</strong></span> <span class='ocrx_word' id='word_1_161' title='bbox 1005 2139 1133 2218; x_wconf 92' lang='lat' dir='ltr'><strong>populus</strong></span> <span class='ocrx_word' id='word_1_162' title='bbox 1163 2141 1268 2200; x_wconf 91' lang='lat' dir='ltr'><strong>creatis</strong></span> <span class='ocrx_word' id='word_1_163' title='bbox 1382 2199 1386 2206; x_wconf 85' lang='grc'>,</span> 
     </span>
     <span class='ocr_line' id='line_1_20' title="bbox 204 2231 1386 2323; baseline 0.002 -23"><span class='ocrx_word' id='word_1_164' title='bbox 204 2241 423 2304; x_wconf 89' lang='lat' dir='ltr'><strong>accusatoribus</strong></span> <span class='ocrx_word' id='word_1_165' title='bbox 445 2243 555 2323; x_wconf 85' lang='lat' dir='ltr'><strong>decem,</strong></span> <span class='ocrx_word' id='word_1_166' title='bbox 578 2241 607 2302; x_wconf 92' lang='lat' dir='ltr'><strong>in</strong></span> <span class='ocrx_word' id='word_1_167' title='bbox 632 2241 738 2320; x_wconf 90' lang='lat' dir='ltr'><strong>quibus</strong></span> <span class='ocrx_word' id='word_1_168' title='bbox 759 2240 922 2320; x_wconf 78' lang='lat' dir='ltr'><strong>Hyperides</strong></span> <span class='ocrx_word' id='word_1_169' title='bbox 945 2249 974 2302; x_wconf 93' lang='lat' dir='ltr'><strong>et</strong></span> <span class='ocrx_word' id='word_1_170' title='bbox 996 2241 1154 2303; x_wconf 88' lang='lat' dir='ltr'><strong>Stratocles</strong></span> <span class='ocrx_word' id='word_1_171' title='bbox 1175 2250 1268 2317; x_wconf 88' lang='lat' dir='ltr'><strong>erant,</strong></span> <span class='ocrx_word' id='word_1_172' title='bbox 1381 2231 1386 2251; x_wconf 76' lang='lat'>‘</span> 
     </span>
     <span class='ocr_line' id='line_1_21' title="bbox 206 2343 1394 2421; baseline -0.001 -18"><span class='ocrx_word' id='word_1_173' title='bbox 206 2344 367 2418; x_wconf 87' lang='lat' dir='ltr'><strong>constituit,</strong></span> <span class='ocrx_word' id='word_1_174' title='bbox 389 2353 423 2405; x_wconf 93' lang='lat' dir='ltr'><strong>ut</strong></span> <span class='ocrx_word' id='word_1_175' title='bbox 445 2345 488 2406; x_wconf 92' lang='lat' dir='ltr'><strong>rei</strong></span> <span class='ocrx_word' id='word_1_176' title='bbox 503 2345 533 2405; x_wconf 94' lang='lat' dir='ltr'><strong>in</strong></span> <span class='ocrx_word' id='word_1_177' title='bbox 550 2344 690 2404; x_wconf 91' lang='lat' dir='ltr'><strong>iudicium</strong></span> <span class='ocrx_word' id='word_1_178' title='bbox 706 2345 931 2406; x_wconf 89' lang='lat' dir='ltr'><strong>deducerentur.</strong></span> <span class='ocrx_word' id='word_1_179' title='bbox 972 2344 1193 2418; x_wconf 74' lang='lat' dir='ltr'><strong>Demosthenes</strong></span> <span class='ocrx_word' id='word_1_180' title='bbox 1217 2343 1268 2421; x_wconf 93' lang='lat' dir='ltr'><strong>qui</strong></span> <span class='ocrx_word' id='word_1_181' title='bbox 1380 2349 1394 2416; x_wconf 55' lang='grc' dir='ltr'>ᾗ</span> 
     </span>
     <span class='ocr_line' id='line_1_22' title="bbox 111 2445 1267 2526; baseline -0.001 -20"><span class='ocrx_word' id='word_1_182' title='bbox 111 2485 113 2490; x_wconf 68' lang='lat'><strong>,</strong></span> <span class='ocrx_word' id='word_1_183' title='bbox 203 2447 317 2526; x_wconf 89' lang='lat' dir='ltr'><strong>primus</strong></span> <span class='ocrx_word' id='word_1_184' title='bbox 339 2448 370 2509; x_wconf 95' lang='lat' dir='ltr'><strong>in</strong></span> <span class='ocrx_word' id='word_1_185' title='bbox 394 2447 439 2509; x_wconf 90' lang='lat' dir='ltr'><strong>ius</strong></span> <span class='ocrx_word' id='word_1_186' title='bbox 461 2456 581 2508; x_wconf 85' lang='lat' dir='ltr'><strong>vocatus</strong></span> <span class='ocrx_word' id='word_1_187' title='bbox 604 2455 662 2523; x_wconf 88' lang='lat' dir='ltr'><strong>est,</strong></span> <span class='ocrx_word' id='word_1_188' title='bbox 692 2447 788 2526; x_wconf 88' lang='lat' dir='ltr'><strong>primo</strong></span> <span class='ocrx_word' id='word_1_189' title='bbox 812 2449 979 2521; x_wconf 75' lang='lat' dir='ltr'><strong>consessuS,</strong></span> <span class='ocrx_word' id='word_1_190' title='bbox 1008 2456 1041 2507; x_wconf 93' lang='lat' dir='ltr'><strong>ut</strong></span> <span class='ocrx_word' id='word_1_191' title='bbox 1062 2447 1148 2506; x_wconf 91' lang='lat' dir='ltr'><strong>iactat</strong></span> <span class='ocrx_word' id='word_1_192' title='bbox 1170 2445 1267 2525; x_wconf 80' lang='lat' dir='ltr'><strong>Hype-</strong></span> 
     </span>
     <span class='ocr_line' id='line_1_23' title="bbox 203 2547 1386 2632; baseline -0.003 -23"><span class='ocrx_word' id='word_1_193' title='bbox 203 2550 319 2628; x_wconf 89' lang='lat' dir='ltr'><strong>perides</strong></span> <span class='ocrx_word' id='word_1_194' title='bbox 341 2549 525 2628; x_wconf 83' lang='lat'><strong>(1,13(5))‚</strong></span> <span class='ocrx_word' id='word_1_195' title='bbox 549 2569 580 2611; x_wconf 89' lang='lat' dir='ltr'><strong>se</strong></span> <span class='ocrx_word' id='word_1_196' title='bbox 601 2550 758 2629; x_wconf 89' lang='lat' dir='ltr'><strong>pecuniam</strong></span> <span class='ocrx_word' id='word_1_197' title='bbox 781 2551 938 2630; x_wconf 86' lang='lat' dir='ltr'><strong>accepisse,</strong></span> <span class='ocrx_word' id='word_1_198' title='bbox 963 2555 1111 2628; x_wconf 86' lang='lat' dir='ltr'><strong>acceptam</strong></span> <span class='ocrx_word' id='word_1_199' title='bbox 1133 2565 1202 2608; x_wconf 90' lang='lat' dir='ltr'><strong>vero</strong></span> <span class='ocrx_word' id='word_1_200' title='bbox 1225 2547 1268 2607; x_wconf 91' lang='lat' dir='ltr'><strong>rei</strong></span> <span class='ocrx_word' id='word_1_201' title='bbox 1383 2617 1386 2632; x_wconf 90' lang='lat'><strong><em>.</em></strong></span> 
     </span>
    </p>
   </div>
   <div class='ocr_carea' id='block_1_9' title="bbox 202 2649 1268 2834">
    <p class='ocr_par' dir='ltr' id='par_1_9' title="bbox 202 2649 1268 2834">
     <span class='ocr_line' id='line_1_24' title="bbox 202 2649 1268 2733; baseline 0 -23"><span class='ocrx_word' id='word_1_202' title='bbox 202 2650 336 2729; x_wconf 88' lang='lat' dir='ltr'><strong>publicae</strong></span> <span class='ocrx_word' id='word_1_203' title='bbox 358 2652 639 2727; x_wconf 90' lang='lat' dir='ltr'><strong>subministravisse,</strong></span> <span class='ocrx_word' id='word_1_204' title='bbox 668 2649 771 2733; x_wconf 79' lang='lat' dir='ltr'><strong>po&#39;stea</strong></span> <span class='ocrx_word' id='word_1_205' title='bbox 799 2653 913 2731; x_wconf 92' lang='lat' dir='ltr'><strong>culpam</strong></span> <span class='ocrx_word' id='word_1_206' title='bbox 945 2667 1057 2728; x_wconf 90' lang='lat' dir='ltr'><strong>negans</strong></span> <span class='ocrx_word' id='word_1_207' title='bbox 1085 2649 1268 2710; x_wconf 87' lang='lat' dir='ltr'><strong>aiudicihus</strong></span> 
     </span>
     <span class='ocr_line' id='line_1_25' title="bbox 203 2752 1267 2834; baseline 0 -22"><span class='ocrx_word' id='word_1_208' title='bbox 203 2752 281 2813; x_wconf 90' lang='lat' dir='ltr'><strong>mille</strong></span> <span class='ocrx_word' id='word_1_209' title='bbox 311 2755 480 2834; x_wconf 91' lang='lat' dir='ltr'><strong>quingentis</strong></span> <span class='ocrx_word' id='word_1_210' title='bbox 509 2755 722 2817; x_wconf 91' lang='lat' dir='ltr'><strong>condemnatus</strong></span> <span class='ocrx_word' id='word_1_211' title='bbox 751 2762 780 2815; x_wconf 92' lang='lat' dir='ltr'><strong>et</strong></span> <span class='ocrx_word' id='word_1_212' title='bbox 809 2753 1021 2832; x_wconf 88' lang='lat' dir='ltr'><strong>quinquaginta</strong></span> <span class='ocrx_word' id='word_1_213' title='bbox 1050 2753 1167 2814; x_wconf 90' lang='lat' dir='ltr'><strong>talentis</strong></span> <span class='ocrx_word' id='word_1_214' title='bbox 1191 2753 1267 2812; x_wconf 91' lang='lat' dir='ltr'><strong>mul·</strong></span> 
     </span>
    </p>
   </div>
   <div class='ocr_carea' id='block_1_10' title="bbox 202 2854 1383 3039">
    <p class='ocr_par' dir='ltr' id='par_1_10' title="bbox 202 2854 1383 3039">
     <span class='ocr_line' id='line_1_26' title="bbox 202 2854 1382 2935; baseline 0.003 -21"><span class='ocrx_word' id='word_1_215' title='bbox 202 2864 280 2917; x_wconf 89' lang='lat' dir='ltr'><strong>tatus</strong></span> <span class='ocrx_word' id='word_1_216' title='bbox 302 2865 355 2918; x_wconf 89' lang='lat' dir='ltr'><strong>est.</strong></span> <span class='ocrx_word' id='word_1_217' title='bbox 393 2857 475 2928; x_wconf 82' lang='lat' dir='ltr'><strong>Quae</strong></span> <span class='ocrx_word' id='word_1_218' title='bbox 497 2876 565 2918; x_wconf 94' lang='lat' dir='ltr'><strong>cum</strong></span> <span class='ocrx_word' id='word_1_219' title='bbox 587 2859 699 2919; x_wconf 86' lang='lat' dir='ltr'><strong>solvere</strong></span> <span class='ocrx_word' id='word_1_220' title='bbox 722 2876 782 2917; x_wconf 93' lang='lat' dir='ltr'><strong>non</strong></span> <span class='ocrx_word' id='word_1_221' title='bbox 805 2864 914 2935; x_wconf 88' lang='lat' dir='ltr'><strong>posset,</strong></span> <span class='ocrx_word' id='word_1_222' title='bbox 936 2855 965 2916; x_wconf 90' lang='lat' dir='ltr'><strong>in</strong></span> <span class='ocrx_word' id='word_1_223' title='bbox 984 2855 1100 2916; x_wconf 90' lang='lat' dir='ltr'><strong>vincula</strong></span> <span class='ocrx_word' id='word_1_224' title='bbox 1116 2854 1267 2916; x_wconf 90' lang='lat' dir='ltr'><strong>coniectus</strong></span> <span class='ocrx_word' id='word_1_225' title='bbox 1381 2909 1382 2917; x_wconf 73' lang='grc'>,</span> 
     </span>
     <span class='ocr_line' id='line_1_27' title="bbox 202 2957 1383 3039; baseline -0.004 -19"><span class='ocrx_word' id='word_1_226' title='bbox 202 2969 270 3038; x_wconf 90' lang='lat' dir='ltr'><strong>post</strong></span> <span class='ocrx_word' id='word_1_227' title='bbox 298 2960 359 3021; x_wconf 90' lang='lat' dir='ltr'><strong>dies</strong></span> <span class='ocrx_word' id='word_1_228' title='bbox 387 2978 497 3039; x_wconf 88' lang='lat' dir='ltr'><strong>paucos</strong></span> <span class='ocrx_word' id='word_1_229' title='bbox 526 2960 629 3038; x_wconf 85' lang='lat' dir='ltr'><strong>elingit</strong></span> <span class='ocrx_word' id='word_1_230' title='bbox 658 2968 687 3021; x_wconf 91' lang='lat' dir='ltr'><strong>et</strong></span> <span class='ocrx_word' id='word_1_231' title='bbox 714 2959 865 3020; x_wconf 83' lang='lat' dir='ltr'><strong>Troezena</strong></span> <span class='ocrx_word' id='word_1_232' title='bbox 893 2959 924 3018; x_wconf 94' lang='lat' dir='ltr'><strong>in</strong></span> <span class='ocrx_word' id='word_1_233' title='bbox 948 2958 1065 3019; x_wconf 86' lang='lat' dir='ltr'><strong>exilium</strong></span> <span class='ocrx_word' id='word_1_234' title='bbox 1088 2957 1168 3016; x_wconf 88' lang='lat' dir='ltr'><strong>ahiit.</strong></span> <span class='ocrx_word' id='word_1_235' title='bbox 1213 2957 1267 3016; x_wconf 91' lang='lat' dir='ltr'><strong>Da·</strong></span> <span class='ocrx_word' id='word_1_236' title='bbox 1382 2963 1383 2983; x_wconf 81' lang='lat'>³</span> 
     </span>
    </p>
   </div>
   <div class='ocr_carea' id='block_1_11' title="bbox 201 3058 1269 3228">
    <p class='ocr_par' dir='ltr' id='par_1_11' title="bbox 201 3058 1269 3228">
     <span class='ocr_line' id='line_1_28' title="bbox 201 3058 1269 3138; baseline 0 -17"><span class='ocrx_word' id='word_1_237' title='bbox 201 3063 294 3123; x_wconf 90' lang='lat' dir='ltr'><strong>mnati</strong></span> <span class='ocrx_word' id='word_1_238' title='bbox 316 3071 386 3124; x_wconf 90' lang='lat' dir='ltr'><strong>sunt</strong></span> <span class='ocrx_word' id='word_1_239' title='bbox 408 3063 476 3125; x_wconf 86' lang='lat' dir='ltr'><strong>item</strong></span> <span class='ocrx_word' id='word_1_240' title='bbox 499 3063 643 3124; x_wconf 88' lang='lat' dir='ltr'><strong>Philocles</strong></span> <span class='ocrx_word' id='word_1_241' title='bbox 670 3072 699 3124; x_wconf 87' lang='lat' dir='ltr'><strong>et</strong></span> <span class='ocrx_word' id='word_1_242' title='bbox 721 3063 877 3134; x_wconf 80' lang='lat' dir='ltr'><strong>Demades,</strong></span> <span class='ocrx_word' id='word_1_243' title='bbox 908 3061 1088 3138; x_wconf 88' lang='lat' dir='ltr'><strong>Aristogiton</strong></span> <span class='ocrx_word' id='word_1_244' title='bbox 1116 3058 1269 3121; x_wconf 90' lang='lat' dir='ltr'><strong>absolutus</strong></span> 
     </span>
     <span class='ocr_line' id='line_1_29' title="bbox 203 3161 1115 3228; baseline -0.004 -3"><span class='ocrx_word' id='word_1_245' title='bbox 203 3184 266 3226; x_wconf 90' lang='lat' dir='ltr'><strong>esse</strong></span> <span class='ocrx_word' id='word_1_246' title='bbox 287 3165 408 3227; x_wconf 85' lang='lat' dir='ltr'><strong>videtur.</strong></span> <span class='ocrx_word' id='word_1_247' title='bbox 453 3166 545 3228; x_wconf 85' lang='lat' dir='ltr'><strong>Causa</strong></span> <span class='ocrx_word' id='word_1_248' title='bbox 571 3173 634 3226; x_wconf 90' lang='lat' dir='ltr'><strong>acta</strong></span> <span class='ocrx_word' id='word_1_249' title='bbox 656 3174 700 3227; x_wconf 90' lang='lat' dir='ltr'><strong>est</strong></span> <span class='ocrx_word' id='word_1_250' title='bbox 722 3185 801 3226; x_wconf 92' lang='lat' dir='ltr'><strong>anno</strong></span> <span class='ocrx_word' id='word_1_251' title='bbox 825 3163 981 3226; x_wconf 81' lang='lat' dir='ltr'><strong>cccxxlv</strong></span> <span class='ocrx_word' id='word_1_252' title='bbox 1004 3181 1029 3228; x_wconf 87' lang='lat' dir='ltr'><strong>a.</strong></span> <span class='ocrx_word' id='word_1_253' title='bbox 1048 3161 1115 3222; x_wconf 84' lang='lat' dir='ltr'><strong>Chr.</strong></span> 
     </span>
    </p>
   </div>
   <div class='ocr_carea' id='block_1_12' title="bbox 0 0 1446 4554">
    <p class='ocr_par' dir='ltr' id='par_1_12' title="bbox 0 0 1446 4554">
     <span class='ocr_line' id='line_1_30' title="bbox 0 0 1446 4554; baseline 0 0"><span class='ocrx_word' id='word_1_254' title='bbox 0 0 1446 4554; x_wconf 95' lang='lat' dir='ltr'><strong> </strong></span> 
     </span>
    </p>
   </div>
  </div>
 </body>
</html>
