2882 4554
238 216 280 276 32
689 219 872 273 ΔΕΙΝΑΡΧΟΥ

240 389 345 466 όεῖξαι
373 386 411 451 τὸ
442 385 627 472 πρόσωπον
635 436 644 467 ,
675 383 748 455 οὐδ’
775 388 906 455 ἐναντία
934 391 976 476 τῇ
1000 391 1058 477 τής
1079 390 1202 480 βουλῆς
1224 387 1313 457 άπο·

239 489 341 576 φάσει
363 490 466 573 λέγειν
491 483 612 576 ήξίωσε
632 527 676 538 -
696 496 807 557 καίτοι
834 488 892 558 οὐκ
915 492 1058 577 ἐ’γραψεν
1085 492 1206 572 ἐκεῖνος
1232 495 1311 577 περὶ

238 589 339 660 αὑτοῦ
361 597 478 678 κυρίαν
502 586 586 658 εἶναι
612 593 670 678 τήν
700 591 841 681 βουλήν,
871 588 948 660 οὐδὲ
976 593 1125 661 θάνατον
1155 589 1309 680 ὡρίσατο,

239 695 295 761 ἐὰν
318 689 505 782 άποφανθῇ
527 691 676 779 χρήματα
699 695 842 781 εἰληφώς
865 714 923 744 -·
946 696 985 762 σὺ
1009 697 1045 762 δὲ
1062 693 1156 762 οότω
1179 696 1311 783 σφόδρα

237 804 461 873 πεπίστευκας
487 806 560 876 τοῖς
583 805 722 863 σεαυτοῦ
740 795 850 882 λόγοις
872 799 926 864 καί
941 798 1237 886 καταπεφρόνηκας
1251 803 1311 889 τής

237 899 363 965 τούτων
384 893 548 984 εὐηθείας,
573 895 658 966 ὥστε
673 898 802 967 πείσειν
818 901 883 967 οίει
905 901 982 979 τοὺς
1002 900 1160 980 δικαστάς
1182 897 1227 979 ὥς
1248 903 1310 984 μό-

237 1026 295 1068 νου
325 1005 384 1068 σοῢ
413 1007 637 1084 κατέψευσται
665 1002 704 1068 τὸ
734 1004 903 1086 συνέδριον
931 1005 986 1070 καί
1015 1003 1116 1086 μόνον
1140 1002 1199 1071 οὐκ
1222 1005 1310 1092 εἰλη-

238 1104 326 1191 φότα
348 1105 385 1171 σὲ
407 1103 446 1170 τὸ
468 1111 602 1188 χρυσίον
625 1098 876 1192 ἀποπέφαγκεν.
908 1109 962 1173 καὶ
977 1102 1027 1184 τίς
1046 1099 1085 1172 ἂν
1107 1110 1212 1172 ταῦτα
1235 1134 1310 1175 πει-

238 1213 358 1294 σθείη,·
1407 1255 1408 1298 η

163 1323 224 1384 105
319 1308 445 1394 Ὁρᾶτε,
469 1295 704 1397 άἈθηναῑοι,
728 1315 761 1375 τί
774 1311 910 1395 μέλλετε
924 1315 1045 1378 ποιεῖν.
1080 1310 1310 1401 παρειλήφατε
1407 1309 1408 1356 ³

236 1414 330 1499 παρὰ
351 1421 411 1480 τοῦ
434 1413 539 1500 δήμου
562 1412 599 1478 τό
623 1411 813 1497 πράγματά
832 1419 1042 1499 γεγενημένον
1066 1413 1235 1494 εἰδότος,
1260 1440 1311 1480 τι·

235 1522 363 1600 μωρίας
386 1509 419 1580 δ’
445 1514 537 1581 ἕνεκα
557 1517 615 1599 τῆς
637 1511 720 1579 κατά
742 1516 808 1579 τῶν
826 1511 946 1596 ἐνόχων
963 1513 1068 1580 όντων
1081 1519 1157 1594 ταῖς
1172 1513 1308 1602 ἀποφά-

236 1641 310 1685 σεσι
323 1622 544 1704 Δημοσθένης
567 1614 733 1701 εἰσάγεται
755 1619 898 1700 πρῶτος.
936 1617 1200 1702 κατηγορήκαμεν
1214 1615 1310 1707 ἡμεῖς
1407 1701 1408 1706 ¹

162 1732 223 1794 106
236 1720 349 1785 οὐδὲν
372 1716 669 1800 καταχαρισάμενοι
690 1718 755 1782 τῶν
774 1723 891 1782 κοινῶν
909 1714 1053 1783 δικαίων.
1092 1715 1210 1800 πότερ’
1227 1714 1309 1800 άμε-
1407 1709 1408 1726 ’

237 1820 392 1910 λήσοντες
418 1826 482 1885 τῶν
505 1823 722 1905 γεγενημένων
745 1813 902 1884 ἁπάντων
925 1817 1071 1904 ἀφήσετε
1093 1817 1150 1884 τόν
1173 1822 1307 1902 πρῶτον

237 1921 476 2010 εἰσεληλυθότα
498 1921 585 2004 πρὸς
605 1917 690 2002 ὑμᾶς
716 1923 771 1986 καὶ
793 1919 834 1986 τὰ
858 1918 968 1987 δίκαια
991 1919 1056 2007 [τά]
1080 1921 1172 2004 παρὰ
1190 1928 1236 2006 τῷ
1251 1921 1309 2009 δή·

235 2052 287 2113 μῳ
310 2029 362 2092 καὶ
385 2031 426 2113 τῇ
446 2026 552 2111 βουλή
573 2025 613 2109 τῇ
637 2023 671 2102 ἒξ
690 2018 821 2108 Ἀρείου
844 2022 953 2107 πάγου
983 2020 1114 2102 δόξαντ’
1141 2017 1225 2090 εἶναι
1253 2022 1309 2088 καί

235 2140 307 2206 τοῖς
335 2126 450 2206 άλλοις
478 2123 604 2193 άπασιν
639 2122 851 2209 ἀνθρώποις,
885 2123 988 2191 ταῦθ’
1020 2122 1113 2206 ὑμεῖς
1142 2124 1175 2190 οἱ
1202 2125 1309 2209 κάριοι

236 2231 371 2296 πάντων
396 2227 520 2308 λύσετε,
543 2230 596 2295 καλ
619 2228 679 2317 τήν
701 2233 864 2315 πονηρίαν
884 2222 978 2294 αὐτοὶ
1001 2227 1059 2317 τήν
1080 2225 1206 2293 τούτων
1229 2225 1309 2294 άνα-

160 2343 222 2406 107
237 2334 393 2414 όέξεσθε;
427 2325 448 2416 ἢ
477 2338 583 2397 πᾶσιν
612 2328 810 2414 ἀνθρώποις
840 2328 1052 2414 παράδειγμα
1074 2329 1217 2408 ἐξοίσετε
1237 2352 1308 2394 κοι-

235 2436 291 2502 νὸν
312 2434 398 2521 ὑπὲρ
422 2441 479 2522 τῆς
501 2433 640 2512 πόλεως,
665 2428 718 2499 ὅτι
738 2437 866 2515 μισεῖτε
879 2431 958 2510 τούς
972 2431 1141 2516 προδότας
1161 2430 1308 2508 καὶτοὺς

234 2537 406 2624 χρημάτων
437 2537 530 2605 ἕνεκα
558 2540 777 2619 προϊεμένους
805 2536 847 2602 τά
869 2541 928 2602 τοῦ
950 2531 1055 2623 δήμου
1078 2538 1307 2619 συμφέροντας

234 2644 337 2708 ταῦτα
358 2640 419 2725 γάρ
443 2635 577 2707 ἅπαντά
599 2638 688 2706 έστιν
719 2635 777 2723 ἐφ’
802 2633 879 2719 ὑμῖν
908 2643 978 2715 νῦν,
1008 2637 1062 2701 καί
1092 2635 1307 2726 πεντακόσιοι

234 2741 290 2810 καί
309 2744 411 2824 χίλιοι
435 2739 528 2818 όντες
549 2741 609 2830 τήν
632 2737 765 2822 άπάσης
781 2747 841 2827 τῆς
855 2737 986 2814 πόλεως
1003 2742 1168 2823 σωτηρίαν
1185 2737 1218 2805 έν
1233 2748 1306 2816 ταῖς

234 2844 343 2928 χερσίν
366 2845 468 2926 ἔχετε,
498 2844 551 2909 καὶ
574 2839 593 2929 ή
617 2843 756 2929 τήμερον
779 2836 884 2926 ήμὲρα
908 2842 962 2905 καί
985 2835 1005 2928 ή
1027 2833 1167 2924 ὖμετίρα
1189 2847 1305 2926 ψῆφος
1407 2927 1408 2930 ¹

234 2947 364 3035 πολλήν
390 2944 577 3034 ἀσφάλειαν
606 2947 646 3032 τῇ
675 2942 775 3010 πόλει
796 2941 995 3032 καταστήσει
1017 2942 1059 3007 τά
1082 2944 1193 3008 δίκαια
1213 2937 1305 3022 ὑμῶν

235 3047 419 3117 ἐθελόντων
441 3045 580 3138 κρίνειν,
611 3042 632 3134 ή
657 3043 829 3133 μοχθηρός
852 3043 991 3124 ἐλπίδας
1014 3044 1197 3132 ποιήσετε
1220 3040 1307 3111 πάν·
1333 3091 1337 3098 -
1407 3067 1408 3112 λ

234 3177 294 3230 τας
316 3153 398 3233 ἔχειν
422 3148 563 3218 τοιαῦθ’
588 3146 679 3233 ὖμῶν
702 3151 764 3234 ἔθη
788 3148 1029 3215 καθιστάντων.
1407 3215 1408 3228 η

161 3265 223 3328 108
326 3249 373 3320 Οῧ
387 3253 632 3338 καταπληκτέον
648 3250 747 3334 ἐστίν,
772 3249 887 3335 άνόρες
899 3245 1088 3338 Ἀθηναῖοι,
1113 3247 1191 3318 οὐδὲ
1206 3272 1306 3334 προε-
1407 3331 1408 3344 η

303 3395 318 3444 5
337 3386 453 3452 ίνδεῖξαι
470 3388 493 3441 N
511 3418 546 3428 —
563 3391 597 3462 τῇ
616 3405 666 3444 om.
684 3387 707 3440 Α
724 3405 775 3457 pr„
799 3388 856 3441 add.
874 3388 917 3443 ΑΙ.
940 3417 973 3428 -
991 3392 1005 3440 ’ί
1026 3383 1109 3440 αὐτοῦ
1127 3385 1173 3438 ΑΝ
1191 3414 1224 3423 -
1242 3379 1305 3454 ὠρί-

235 3479 303 3513 σατο
325 3457 430 3530 (ἑαυτῷ
452 3455 505 3523 τήν
527 3458 644 3527 ζημίαν)
666 3457 725 3509 mal.
750 3455 887 3509 Μεειτσετ.
911 3485 944 3496 -
970 3461 1000 3510 10
1019 3455 1086 3508 οίειν
1102 3455 1124 3507 Α
1143 3469 1194 3520 με,
1217 3467 1304 3504 rasura

235 3545 300 3582 corr.
316 3558 352 3571 —
369 3528 460 3589 lom
478 3522 560 3578 είὸοε;
580 3542 643 3579 οων.
656 3526 701 3578 Em
721 3527 798 3590 erius,
814 3519 917 3577 ὄνειδαε
931 3524 1012 3588 Turn,
1031 3521 1108 3576 αὗταί
1124 3523 1305 3593 γεγενημένον

235 3593 336 3650 εἰδότεε
353 3595 471 3650 Scheibe.
488 3622 522 3633 -
541 3598 556 3648 5
574 3588 667 3646 οὐδενί
684 3541 754 3645 Αλλιε
779 3609 842 3645 corr.
861 3591 962 3656 Reiske‚
984 3593 1051 3645 idem
1069 3605 1172 3658 propos.
1191 3583 1305 3710 ήσύδέν)

234 3661 332 3718 οὐδενὶ.
356 3694 390 3705 -
412 3663 509 3730 106‚3
534 3657 601 3731 παρ’
626 3663 717 3730 Apu,
741 3658 809 3731 πρὸε
829 3660 864 3710 Αι
886 3689 921 3699 -
944 3658 980 3713 τά
1000 3661 1090 3713 abesse
1114 3658 1174 3710 ιαεΙ.
1212 3672 1304 3724 κομρε,

235 3734 311 3785 eiecit
327 3732 465 3786 Maetzner.
490 3761 523 3771 -
549 3734 564 3783 5
588 3728 616 3782 οἱ
638 3746 714 3798 supra
731 3743 835 3782 versum
855 3729 899 3781 A¹.
925 3758 958 3767 —
980 3731 996 3782 6
1020 3722 1195 3788 ἀναδέξασθε
1217 3727 1304 3790 Δρα,

235 3817 298 3855 corr.
317 3802 360 3854 Αἱ.
378 3830 412 3841 -
429 3801 522 3866 107,3
544 3800 704 3871 προιμίνοοε
720 3796 751 3851 N.
769 3827 803 3836 -
821 3801 835 3850 7
855 3797 936 3869 έντῇ
954 3796 1035 3849 Ν.-
1053 3797 1067 3848 8
1086 3791 1305 3863 πονηρὰελρι.,

233 3866 373 3950 μοχθηράν
390 3869 424 3921 A¹
449 3898 482 3907 -
504 3869 574 3934 έχειν
597 3863 725 3931 ποιήσετε
742 3863 887 3919 πάνταεΝ
916 3895 950 3904 -
973 3859 1081 3930 ποιήσει
1099 3863 1206 3914 Dobree.
1230 3888 1264 3899 -
1288 3864 1303 3915 9

233 3955 349 3989 τοιαντα
367 3936 397 3989 Ν.
416 3966 448 3976 -
465 3937 528 4002 108,
548 3940 560 3989 1
579 3931 782 3987 καταπλικτέον
799 3935 872 4001 Apr.
890 3933 971 4001 Npr„
993 3946 1055 3984 corr.
1074 3929 1143 3983 A²N¹
1162 3957 1195 3968 -
1214 3916 1238 3982 ὦ
1257 3923 1304 3981 άν-

233 4000 294 4076 ὃρεε
310 4005 344 4057 At
363 4035 395 4043 —
413 4001 557 4060 πλ..τέον
575 4005 655 4070 Apu,
673 4005 803 4072 προετέον
819 4002 863 4054 Αἱ.
