2882 4554
211 259 252 324 22
560 307 564 314 ,
659 258 843 314 ΔΕΙΝΔΡΧΟΥ

205 427 402 514 λαμβάνειν,
432 429 719 495 παιδοποιεῖσθαι
740 429 823 494 κατὰ
845 427 922 506 τοδς
944 425 1081 510 νόμους,
1109 435 1168 516 γῆν
1191 424 1283 506 δντδς

207 528 294 616 όρων
317 537 513 616 κεκτῆσθαι,
548 529 660 608 πάσας
688 532 748 607 τάς
778 531 906 607 δικαίας
934 536 1067 607 πίστεις
1091 554 1283 612 παρακατα-

206 639 359 717 θέμενον,
386 629 491 712 οὕτως
513 627 628 712 ἀξιοῦν
651 632 856 717 προεστάναι
878 638 937 698 τοῦ
960 631 1081 717 δήμου·
1105 632 1143 698 σὲ
1166 631 1203 700 δὲ
1224 629 1283 718 την

207 735 366 822 πατρῴαν
395 743 455 820 γῆν
478 740 700 817 πεπρακέναι,
729 735 807 813 τοδς
830 735 865 801 δὲ
889 730 927 800 οὗ
949 733 1179 820 γεγενημένους
1200 733 1283 812 υἱεῖς

207 845 318 925 σαυτῷ
345 842 618 919 προσποιεῖσθαι
652 837 765 920 παρὰ
792 837 872 915 τοδς
900 835 1020 918 νόμους
1049 844 1115 903 τῶν
1144 835 1178 902 δυ
1208 845 1283 914 ταῖς

206 948 352 1024 κρίσεσιν
376 939 468 1007 ἕνεκα
490 945 669 1024 γινομένων
686 935 800 1024 ὅρκων,
824 937 1012 1006 ἐπιτάττειν
1029 939 1067 1006 δὲ
1080 942 1151 1016 τοῖς
1168 935 1282 1018 ἄλλοις

169 1109 171 1114 ,
207 1039 451 1125 στρατεύεσθαι
474 1041 618 1109 λιπόντα
641 1040 741 1108 αδτδν
762 1041 820 1129 τὴν
842 1041 953 1127 κοινὴν
975 1040 1086 1123 τάξας

155 1151 195 1214 72
286 1133 538 1231 ὨἈθηναῖοι,
573 1143 666 1227 παρὰ
693 1141 728 1210 τί
756 1145 874 1211 σ’ίεσθε
900 1141 959 1221 τάς
985 1142 1103 1221 πόλεις
1123 1142 1200 1210 τοτδ
1220 1144 1280 1226 μὲν

206 1230 242 1314 εὖ
263 1247 339 1312 τοτὲ
363 1247 398 1313 δὲ
421 1246 558 1333 φαύλως
581 1246 758 1330 πράττειν,
793 1241 888 1315 οὐδὲν
915 1241 1068 1335 εὖρησετε
1089 1242 1170 1311 άλλο
1193 1245 1280 1331 πλὴν

204 1346 298 1433 παρά
325 1347 403 1427 τοὺς
431 1347 637 1434 συμβούλους
664 1350 719 1414 καί
747 1348 825 1426 τούς
853 1345 1024 1434 ἡγεμόνας.
1075 1347 1281 1433 ἐπιβλέψατε

204 1452 247 1518 δὲ
271 1449 329 1520 ἐπὶ
350 1449 407 1540 τὴν
433 1454 590 1536 Θηβαίων
612 1449 723 1516 πόλιν.
769 1448 897 1534 ἐγένετο
920 1451 1036 1529 πόλις,
1066 1451 1194 1535 ἐγένετο
1221 1475 1281 1534 με-

201 1560 306 1638 γίστη,
330 1553 385 1618 καὶ
407 1560 506 1619 τίνων
521 1555 664 1636 τυχοῦσα
679 1547 847 1641 ἡγεμόνων
870 1551 925 1618 καὶ
941 1560 1130 1638 στρατηγῶν
1137 1582 1149 1635 ,·
1172 1550 1281 1618 δάπαν-

203 1679 257 1733 τες
279 1649 318 1721 δν
343 1649 580 1741 ὁμολογήσαιεν
602 1654 672 1743 (oi)
694 1653 922 1740 πρεσβύτεροι,
947 1650 1031 1736 παρ’
1056 1648 1168 1739 ὦνπερ
1190 1652 1279 1739 κάγώ

153 1762 193 1824 73
203 1757 279 1834 τοὺς
295 1756 410 1841 λόγους
426 1754 552 1824 άκοόων
572 1756 648 1840 ἐρῶ,
669 1754 724 1824 ὅτε
739 1758 943 1837 Πελοπίδας,
967 1753 1013 1834 ὥς
1028 1780 1142 1842 φασιν,
1167 1751 1278 1843 ἡγεῖτο

201 1866 262 1926 τοῦ
291 1859 380 1942 ἱεροῦ
415 1859 539 1944 λόχου
576 1866 632 1927 καί
657 1857 904 1943 Ἐπαμινώνδας
944 1858 1135 1946 ἐστρατήγει
1162 1860 1217 1925 καὶ
1245 1859 1278 1925 οἱ

202 1961 286 2043 μετὰ
312 1960 455 2028 τούτων·
488 1959 564 2029 τότε
593 1962 651 2048 τὴν
680 1961 713 2029 ἓν
736 1961 922 2045 Λεύκτροις
950 1961 1054 2048 μάχην
1084 1960 1229 2048 ἐνίκησεν
1257 1957 1277 2050 ἦ

203 2066 289 2145 [τῶν]
314 2061 470 2150 Θηβαίων
493 2063 610 2145 πόλις,
633 2064 708 2131 τότε
732 2063 779 2142 εἰς
800 2065 859 2154 την
882 2061 1081 2150 ἀπόρθητον
1104 2064 1278 2148 νομιζομέ-

202 2191 259 2251 νην
282 2161 368 2233 εἶναι
389 2167 666 2247 Λακεδαιμονίων
687 2165 800 2251 χώραν
824 2164 1007 2252 εἰσέβαλον,
1033 2160 1107 2233 κατ’
1133 2163 1278 2244 ἐκείνους

202 2265 279 2344 τοδς
300 2267 438 2353 χρόνους
460 2267 572 2334 πολλὰ
594 2269 648 2335 καὶ
670 2265 755 2335 καλά
778 2268 998 2352 διεπράξαντο
1021 2269 1109 2354 ἔργα,
1136 2267 1278 2357 Μεσση-

202 2394 259 2455 νην
281 2372 543 2458 τετρακοσιοστῷ
567 2370 634 2438 ἔτει
656 2370 856 2458 κατῴκισαν,
882 2369 1047 2457 Ἀρκάδας
1076 2367 1278 2454 αὐτονόμους

153 2477 193 2538 74
204 2471 381 2558 ἐποίησαν,
416 2472 544 2552 ἔνδοξοι
571 2471 665 2558 παρά
694 2477 798 2540 πᾶσιν
830 2463 922 2561 ἦσαν.
968 2473 1051 2540 πότε
1079 2469 1112 2539 δ’
1137 2458 1180 2538 αό
1201 2467 1279 2537 τοδ-

203 2582 333 2642 ναντίον
356 2575 499 2643 ταπεινά
521 2578 574 2642 καὶ
597 2578 655 2642 τοῦ
676 2576 888 2666 φρονήματος
903 2571 1021 2655 άνάξια
1038 2574 1279 2660 διεπράξαντο,·

203 2670 256 2740 ὅτ’
281 2674 477 2760 ἐδωροδόκει
506 2679 565 2761 μὲν
595 2678 772 2764 λαμβάνων
802 2677 951 2766 χρήματα
981 2676 1074 2761 παρὰ
1099 2676 1278 2743 Φιλίππου

205 2777 374 2860 Τιμόλαος
405 2776 423 2843 δ
451 2778 570 2846 τούτου
598 2778 712 2865 φίλος,
746 2779 806 2846 ἐπὶ
834 2778 871 2846 δὲ
897 2783 970 2857 τοῖς
997 2779 1103 2858 ξένοις
1130 2785 1202 2859 τοῖς
1231 2779 1278 2857 εἰς

194 2876 390 2965 ’Ἀμφισσαν
415 2879 601 2965 συλλεγεῖσι
622 2880 790 2967 Πρόξενος
813 2875 831 2945 ὃ
854 2879 1180 2968 προδότηςίγίνετο,
1202 2875 1278 2966 ἦγε-

202 2979 273 3065 μών
297 2981 333 3047 δὲ
355 2988 415 3068 τῆς
437 2979 605 3066 φάλαγγος
627 2987 765 3064 κατέστη
791 2981 964 3068 Θεαγένης,
992 2981 1175 3066 άνθρωπος
1198 2978 1278 3048 dcv-

200 3082 258 3168 χὴς
285 3081 342 3150 καὶ
370 3083 558 3167 δωροδόκος
580 3080 695 3167 ὥσπερ
718 3077 826 3163 οὗτος.
870 3085 948 3153 τότε
970 3085 1027 3152 διὰ
1049 3089 1138 3167 τρεῖς
1160 3107 1196 3168 γε
1218 3078 1278 3150 ἆν-

200 3183 364 3267 θροίπους
393 3183 451 3264 οὓς
480 3179 575 3254 εἶπον
604 3181 721 3252 ἅπασα
750 3182 894 3274 ἡπόλις
915 3187 998 3271 μετὰ
1019 3189 1099 3252 τῶν
1118 3181 1277 3275 Ἑλλήνων

201 3282 385 3353 ἁπάντων
402 3285 626 3356 ἀπώλετοκαὶ
642 3288 885 3375 συνδιεφθάρη.
914 3284 953 3355 οδ
968 3289 1029 3376 γὰρ
1046 3288 1172 3375 ψεῦδός
1187 3289 1276 3356 ἐστιν

272 3458 353 3527 3γῆε
368 3458 392 3508 Δ
409 3473 460 3524 pr„
482 3474 547 3512 οοιτ.
565 3459 608 3510 ΑΙ.
626 3489 657 3500 -
678 3464 693 3514 5
711 3459 763 3526 τὴν
780 3457 964 3529 <μδν>Β1κεε
981 3489 1016 3499 -
1033 3463 1085 3530 Gy
1116 3461 1277 3526 ιννημενουε

201 3527 245 3580 λ’.
262 3553 298 3564 -
316 3529 330 3578 7
348 3523 416 3578 κατὰ
436 3525 481 3577 ΝΑ
499 3542 551 3594 pr„
576 3543 639 3581 corr.
657 3527 693 3581 Δ2
716 3558 749 3567 -
774 3528 833 3581 τῶν
946 3523 962 3581 δ
980 3547 1038 3581 κων
1061 3527 1168 3581 δεεαδε
1187 3534 1277 3580 censet

201 3593 326 3647 Gebauer.
345 3623 376 3631 —
394 3593 438 3660 λλ,
456 3599 473 3648 4
489 3592 541 3665 γὰρ
558 3596 601 3661 Δί,
619 3596 651 3649 εί.
666 3597 685 3650 G
703 3613 728 3665 ρ.
745 3599 769 3650 8.
787 3625 820 3634 -
838 3600 854 3650 5
872 3600 918 3647 καὶ
936 3548 986 3649 δελ.
1001 3595 1089 3661 Meier,
1110 3590 1213 3681 (aba)
1230 3599 1277 3646 καὶ

201 3661 290 3725 Βίεεε,
316 3657 418 3728 (πότ’)
441 3664 548 3734 ἐγένετο
573 3661 662 3730 [πόλις
678 3665 795 3735 ἐγένετο]
821 3668 935 3734 μεγίστη
958 3664 1065 3717 Dobree.
1082 3693 1116 3704 -
1135 3667 1151 3717 6
1174 3682 1200 3716 οι
1218 3663 1275 3717 εδδ.

201 3728 304 3850 Βείἶίεε.
319 3760 355 3810 .-
374 3731 417 3850 Ξθί
435 3728 548 3852 λῦλόφου
567 3730 613 3783 ΝΔ
625 3748 672 3799 pr„
684 3749 748 3786 corr.
759 3733 794 3784 λ’
811 3761 846 3771 -
863 3733 983 3801 ίπαμιν,
1000 3751 1025 3784 ιι
1042 3730 1277 3815 εσρειεωίρείίλῑ.

200 3825 234 3836 -
292 3815 352 3850 των
392 3816 425 3852 ε.
466 3816 491 3851 ιε

199 3865 255 3919 AN.
273 3893 306 3906 -
325 3869 340 3918 ’ί
358 3862 524 3934 καταίνησαν
540 3869 563 3920 Α
580 3884 631 3952 φα,
654 3884 740 3921 rasura
760 3885 823 3922 corr.
842 3897 876 3908 -
892 3869 936 3935 74,
955 3874 970 3924 5
993 3865 1117 3937 ἅμφισαν
1134 3868 1190 3922 ΔΝ.
1208 3869 1275 3921 -8

200 3929 279 3988 πάλτο
295 3972 319 3985 ..
341 3934 380 3999 (ίί.
399 3937 438 4000 ίκ)
455 3937 516 3988 τῶν
533 3933 655 4002 ε’λληνων
672 3929 801 3990 άπιάλετο
817 3938 841 3990 Α
854 3951 906 4059 φα,
924 3953 987 3990 corr.
998 3937 1041 4002 λ’,
1060 3952 1089 3990 τι.
1105 3956 1135 4006 μ.
1152 3935 1213 3988 τῶν
1230 3932 1277 3988 άλ-

199 3999 259 4055 λων
276 3997 398 4068 ίλλὴυων
410 3999 538 4059 ἀπώλετο
556 4004 587 4072 N,
605 4005 670 4059 ene
688 4021 715 4076 ρ,
726 4008 750 4060 8.
769 4035 799 4044 -
820 4009 836 4060 9
872 4003 992 4076 ιιφθάρη
1010 4005 1033 4057 Δ
1050 4021 1099 4074 pn,
1116 4021 1180 4061 corr.
1192 4004 1236 4060 Δί.

513 3799 599 3853 under.
626 3829 657 3838 —
680 3804 697 3854 6
719 3804 766 3852 καὶ
783 3817 834 3852 om.
852 3800 875 3851 Α
893 3817 943 3868 φα,
967 3800 1025 3854 εδδ.
1042 3800 1078 3850 A¹
1099 3829 1134 3840 -
1155 3816 1277 3867 μνσηνην
