2882 4554
521 239 606 292 ΚΑΤΑ
623 237 875 293 ΔΗΜΟΣΘΕΝΟΥΣ.
1197 237 1236 297 27

160 419 279 499 ψῆφον
313 407 464 493 ἐνεγκεῖν.
514 404 622 493 κρίσει
654 409 829 475 Ποσειδῶν
863 403 1038 489 ἀποτυχών
1070 409 1117 494 τῇ
1150 405 1236 492 ὑπὲρ
1247 416 1287 478 87

155 509 373 595 Ἁλιρροθίου
408 509 495 595 πρὸς
516 508 601 597 ’Ἁρη
631 515 798 598 γενομένῃ
827 507 1005 590 ἀνέμεινεν·
1036 507 1238 600 (ἐνέμειναν)

160 612 279 681 αύταῖ
307 613 343 680 αί
371 611 489 697 σεμναὶ
517 613 599 679 θεαὶ
629 620 669 700 τῇ
697 611 783 696 πρός
809 611 962 698 Ὀρέστην
995 610 1027 676 έν
1056 610 1162 698 τούτῳ
1190 615 1237 699 τῷ

159 717 320 804 συνεδρίῳ
341 722 448 800 κρίσει
468 714 642 802 γενομένῃ,
673 718 727 782 καί
756 717 796 801 τῇ
817 713 937 781 τούτου
959 707 1102 800 ἀληθείη
1124 721 1236 780 συνοί-

158 843 236 896 κους
259 817 378 896 ἑαυτὰς
405 816 452 895 είς
474 815 531 883 τὸν
554 815 674 883 λοιπόν
696 815 813 900 χρόνον
835 820 1045 900 κατέστησαν.
1082 812 1176 898 ύμείς
1199 816 1235 883 δέ

156 926 193 987 τί
221 918 380 1008 ποιήσετε
408 919 440 985 οῖ
469 919 604 986 πάντων
634 912 719 986 εἶναι
742 916 924 1005 φάσκοντες
947 911 1234 1000 εύσεβέστατοις

157 1024 215 1111 τήν
245 1024 305 1088 τοῦ
334 1018 506 1105 συνεδρίου
534 1028 675 1106 γνῶσιν
704 1019 823 1104 ἀκυρον
852 1019 1076 1107 καταστήσετε
1102 1026 1142 1106 τῇ
1164 1023 1235 1106 Δη-

156 1130 346 1209 μοσθένους
369 1123 702 1212 ἐπακολουθήσαντες
724 1129 888 1210 πονηρίης
922 1119 988 1202 ούκ,
1020 1121 1076 1188 ἐὰν
1099 1144 1234 1208 σωφρο-

156 1229 247 1312 νήτε,
284 1215 310 1293 αῖ
337 1224 535 1312 Ἀθηναῖοι·
577 1223 617 1292 ού
644 1225 706 1310 γὰρ
737 1227 814 1310 περί
841 1227 965 1308 μικρῶν
989 1218 1066 1291 ούδέ
1089 1226 1153 1289 τῶν
1175 1250 1233 1289 τυ-
1243 1226 1283 1290 88

154 1327 279 1412 χόντων
302 1329 339 1396 ἐν
361 1334 402 1416 τῇ
419 1327 562 1415 τήμερον
577 1324 682 1415 ήμέρηι
698 1326 852 1408 δικάζετε,
876 1320 961 1392 ἀλλά
975 1328 1051 1408 περὶ
1069 1332 1232 1412 σωτηρίας

154 1433 215 1520 τῆς
240 1429 371 1510 πόλεως
399 1429 534 1517 ἀπάσης
560 1433 613 1497 καὶ
642 1429 729 1515 πρὸς
757 1429 888 1508 τούτοις
914 1430 991 1513 περὶ
1018 1429 1229 1512 δωροδοκίας,

156 1533 262 1612 ἕδους
283 1537 429 1619 πονηροῦ
451 1536 506 1599 καὶ
528 1533 724 1618 πράγματος
745 1531 959 1610 ἀλυσιτελοῦς
974 1528 1051 1613 ύμῖν
1075 1533 1132 1598 καὶ
1146 1529 1231 1597 πάν·

155 1661 215 1713 τας
230 1633 435 1719 ἀνθρώπους
450 1631 713 1713 ἀπολωλεκότος.
744 1631 800 1722 <ό>
822 1633 851 1701 εί
871 1635 931 1716 μέν
953 1628 1036 1699 καθ’
1055 1629 1134 1699 ὅσον
1157 1631 1231 1698 έστέ

155 1738 290 1804 δυνατοὶ
306 1739 473 1824 έκβαλεῖτε
494 1737 529 1803 έκ
543 1743 601 1826 τῆς
616 1735 747 1814 πόλεως
769 1739 824 1803 καί
842 1735 988 1802 παύσετε
1009 1732 1086 1814 τούς
1107 1735 1231 1822 ῥᾳδίως

153 1837 236 1907 καθ’
255 1837 348 1925 ὑμῶν
365 1840 516 1929 χρήματα
535 1839 771 1924 λαμβάνοντας,
794 1838 1027 1924 σωθησόμεθα
1045 1840 1135 1905 θεοῖν
1150 1845 1230 1924 βου-

154 1944 317 2023 λομένων·
341 1941 371 2010 εί
390 1941 423 2008 δ’
440 1941 640 2028 ἐπιτρέψετε
661 1952 734 2019 τοῖς
755 1939 894 2027 ῥήτορσι
915 1940 1041 2008 πωλεῖν
1063 1935 1148 2023 ύμιῖς
1170 1937 1230 2006 αύ-

152 2043 239 2124 τούς,
264 2043 477 2130 περιόψεσθε
498 2044 557 2130 τήν
579 2042 679 2110 πόλιν
703 2037 950 2129 ἀνατραπεῖσαν
973 2039 1042 2108 ἀπὸ
1063 2041 1199 2109 τούτων.

230 2144 393 2232 Ἔγραψεν
421 2141 521 2225 αύτὸς
549 2145 582 2213 έν
609 2154 658 2232 τηῖ
687 2145 780 2233 δήμῳ
802 2150 1037 2232 Δημοσθένης,
1062 2140 1108 2223 αῖς
1130 2145 1229 2229 δηλο-
1237 2148 1278 2211 89

152 2246 226 2315 νότι
249 2249 376 2315 δικαίου
398 2251 458 2316 τού
479 2246 675 2334 πράγματος
695 2246 799 2328 ὄντος,
824 2247 1002 2335 φυλάττειν
1020 2241 1227 2333 Ἀλεξάνδρῳ

148 2349 193 2416 τὰ
223 2349 271 2430 είς
299 2349 358 2440 τήν
376 2349 528 2438 Ἀττικήν
556 2346 742 2438 ἀφικόμενα
768 2347 852 2435 μετά
870 2347 1044 2434 Ἁρπάλου
1064 2349 1227 2438 χρήματα.

151 2449 258 2532 ούτως
283 2437 351 2533 σύν,
381 2438 562 2538 αῖάριστε,
595 2453 670 2522 εἰπέ
692 2477 766 2535 μοι,
798 2450 995 2538 φυλάξομεν,
1026 2451 1082 2520 ίάν
1104 2450 1145 2518 σύ
1167 2451 1227 2536 μὲν

153 2556 258 2622 εῖκοσι
279 2556 425 2623 τάλαντα
447 2557 557 2642 λαβὼν
580 2559 653 2643 ἔχῃς
675 2554 761 2645 ῖδίηι,
792 2556 902 2639 ἕτερος
924 2556 961 2624 δὲ
982 2554 1225 2635 πεντεκαίδεκα,

150 2658 310 2745 Δημάδης
333 2661 368 2726 δὲ
387 2659 626 2743 ἑξακισχιλίους
639 2662 762 2744 χρυσοῦ
778 2662 950 2741 στατῖρας,
975 2657 1081 2742 ἕτεροι
1104 2658 1140 2724 δέ
1162 2653 1226 2725 όσα

150 2761 191 2846 δή
220 2785 305 2828 ποτε
334 2757 617 2849 ἀποπεφασμένοι
639 2763 725 2845 εἰσίς
763 2761 962 2828 διακόσια
990 2760 1052 2847 γὰρ
1082 2760 1227 2829 τάλαντά

150 2862 222 2931 ἐστι
251 2866 306 2931 καὶ
335 2864 489 2949 ἑξήκοντα
516 2862 577 2952 ήδη
608 2862 784 2952 εύρημένα,
815 2858 861 2931 εῖν
890 2866 1007 2932 σ’ίεσθε
1037 2865 1142 2953 (δεῖν)
1168 2863 1225 2953 τήν

150 2965 260 3034 αἰτίαν
288 2969 457 3035 τουτοισὶν
484 2965 674 3036 ἀναθεῖναι.
724 2967 778 3036 καί
814 2968 942 3052 πότερα
975 2965 1108 3035 κάλλιόν
1143 2967 1222 3050 ἐστι,
1235 2974 1275 3038 90

150 3067 236 3150 πρὸς
266 3069 303 3137 δὲ
332 3068 552 3154 δικαιότερον,
582 3063 707 3137 ἅπαντ’
731 3069 766 3138 έν
791 3073 838 3158 τηῖ
860 3076 960 3159 κοινῷ
982 3067 1223 3156 φυλάττεσθαι,

150 3170 216 3247 ἕως
237 3168 276 3236 ἀν
299 3197 331 3238 τι
354 3175 481 3238 δίκαιον
505 3169 523 3238 ὃ
547 3173 651 3258 δήμος
672 3171 905 3258 βουλεύσηται,
935 3164 957 3259 ή
984 3168 1063 3250 τούς
1083 3172 1226 3262 ῥήτορας

149 3273 204 3339 καί
232 3275 298 3337 ταῖν
328 3282 515 3360 στρατηγῶν
547 3273 655 3353 ένίους
682 3273 907 3360 διηρπακότας
937 3276 1039 3358 έχεινς
1074 3273 1136 3362 έγιύ
1165 3275 1225 3361 μέν

281 3449 304 3500 1.
322 3446 337 3496 2
358 3443 391 3496 τ’

146 3444 301 3564 ΒεΙιΙιὸεά-
320 3460 463 3579 ωίμάλναν
480 3465 530 3596 gie.
549 3515 606 3567 εδδ.
619 3514 732 3582 Sauppe,
750 3529 800 3567 om.
812 3521 830 3579 t,
849 3520 909 3582 post
926 3518 1084 3600 λγενομίνῃ
1101 3513 1161 3565 addi
1177 3529 1224 3565 νο-

146 3579 233 3632 luerat
250 3580 352 3634 Reiske.
375 3609 408 3622 -
426 3584 441 3635 3
461 3602 542 3634 αυται
561 3583 606 3635 ΝΑ
624 3599 675 3650 ραι
699 3599 763 3635 τοτε.
781 3581 824 3635 Δί.
841 3612 876 3621 -
894 3585 909 3634 6
927 3586 1111 3650 ευσεβέστεροι
1129 3583 1170 3634 At„
1190 3610 1224 3620 —

146 3651 164 3700 ,ἵ
182 3644 299 3718 γνιύμην
314 3650 349 3702 Δί
366 3677 400 3688 -
416 3647 602 3716 κατεστήσατε
619 3653 642 3702 Α
660 3666 707 3718 ηε,
725 3666 788 3703 corr.
807 3649 850 3702 Αἱ
869 3679 901 3690 ·-
920 3652 966 3715 88,
985 3654 1000 3702 5
1018 3644 1034 3701 ἀ
1051 3650 1108 3703 εδδ.
1120 3648 1224 3716 δείελα,

148 3731 199 3769 om.
217 3722 229 3768 t
247 3745 278 3755 -
297 3717 362 3770 δατ.
385 3717 408 3770 N
427 3735 477 3786 pn,
501 3735 565 3772 corr.
583 3719 628 3772 N2.
645 3748 678 3758 -
698 3722 713 3772 8
730 3713 798 3786 ἡμᾶτ
814 3718 846 3772 N.
864 3747 897 3758 -
915 3719 961 3784 8⁹,
978 3721 996 3771 4
1013 3715 1175 3785 φυλάξωμεν
1192 3717 1223 3771 N·

148 3809 183 3822 ·-
200 3789 216 3839 5
234 3780 293 3837 ῖδια
310 3786 341 3838 Δ.
358 3815 393 3826 -
411 3791 426 3839 ’ί
444 3784 609 3856 τετρακόσια
626 3786 674 3839 ΝΑ
690 3803 742 3854 pr.‚
759 3790 880 3854 τέτταρα
896 3787 955 3850 Mt,
972 3783 1117 3852 τριακόσια
1135 3785 1223 3840 Blass:

147 3850 180 3902 δε
192 3867 250 3906 meo
262 3854 360 3907 mutavi
377 3884 411 3894 -
426 3852 480 3924 γὰρ
497 3857 524 3907 in
542 3871 629 3908 rasura
642 3856 684 3908 A1.
703 3885 736 3894 —
754 3857 769 3908 8
786 3851 838 3922 ἤδη
856 3848 990 3925 εὑρημένα
1005 3869 1077 3906 corru
1097 3859 1123 3906 ta
1136 3863 1224 3909 censet

146 3917 222 4039 ξίηεε
240 3916 357 4041 yffi(
367 3923 425 3976 εδδ.
443 3922 547 3990 Reiske,
569 3939 620 3978 om.
638 3931 657 3976 t.
681 3951 715 3964 -·
737 3923 784 3988 9⁰,
804 3926 819 3976 2
840 3921 908 3992 πρῖε
925 3918 956 3972 δὲ
971 3919 1052 3992 (καὶ)
1092 3923 1171 3977 εἰεΙτικ
1189 3951 1225 3962 ·-

181 4007 217 4040 αν
233 4007 250 4041 τ
301 4005 338 4042 ειε
358 4006 381 4046 e.

500 3449 627 3514 ευομίνητ
643 3444 691 3498 ΝΑ
707 3462 759 3514 με,
781 3447 837 3498 τοῖο
914 3447 1069 3517 γενομένοις
1086 3446 1134 3497 Δίς
1159 3461 1223 3499 corr.
