2882 4554
515 240 599 294 RATA
616 237 869 295 ΔΗΜΟΣΘΕΝΟΥΣ.
1191 239 1231 298 27

155 419 274 500 ψῆφον
307 407 458 494 ἐνεγκεῖν.
508 406 615 495 κρίσει
649 410 822 477 Ποσειδῶν
857 405 1032 492 ἀποτυχών
1065 411 1111 496 τῇ
1145 406 1231 496 ύπὲρ
1242 417 1283 481 87

150 509 367 596 Ἁλιρροθίου
403 509 488 594 πρὸς
509 509 594 599 ’Ἀρη
624 517 791 599 γενομένῃ
821 509 999 592 ἐνέμεινεν·
1030 509 1233 601 (ἐνέμειναν)

154 613 274 682 αὐτοὶ
301 614 337 680 αλ
365 611 483 697 σεμναὶ
511 614 592 681 θεαί
622 622 662 701 τῇ
691 613 776 699 πρὸς
803 611 956 700 Ὀρέστην
988 612 1022 679 έν
1050 612 1157 700 τούτῳ
1185 617 1232 701 τῷ

154 717 314 804 συνεδρίῳ
335 723 441 800 κρίσει
462 715 635 803 γενομένῃ,
666 720 720 782 καὶ
750 719 790 802 τῇ
811 715 930 782 τούτου
953 709 1097 803 ἀληθείᾳ
1119 723 1231 783 συνοί-

153 843 231 897 κους
253 817 371 896 ἑαυτὰς
398 817 446 896 εἰς
467 817 525 885 τὸν
547 816 668 884 λοιπόν
689 817 806 903 χρόνον
828 822 1039 903 κατέστησαν.
1077 815 1171 900 ύμεῖς
1193 819 1230 885 δέ

153 927 187 987 τί
215 919 374 1010 ποιήσετε
401 920 434 986 ολ
463 920 598 987 πάντων
626 913 712 988 εἶναι
735 917 917 1006 φάσκοντες
941 913 1230 1003 εύσεβέστατοις

152 1025 210 1111 τήν
239 1025 299 1090 τού
328 1020 499 1108 συνεδρίου
528 1031 668 1108 χνοῑσιν
697 1021 817 1106 ἄκυρον
846 1021 1070 1108 καταστήσετε
1097 1029 1136 1109 τῇ
1158 1027 1229 1109 Δη-

151 1130 340 1210 μοσθένους
363 1124 696 1214 ἐπακολουθήσαντες
718 1129 882 1212 πονηρίας
915 1121 982 1204 ούκ,
1014 1123 1070 1191 έάν
1093 1147 1229 1210 σωφρο-

150 1231 241 1313 νῆτε,
278 1216 305 1293 ὦ
331 1225 529 1312 Ἀθηναῖοι·
571 1225 610 1294 ού
637 1226 700 1313 χάρ
730 1229 808 1312 περὶ
835 1229 959 1311 μικρῶν
984 1220 1061 1294 ούδδ
1084 1229 1148 1292 τῶν
1169 1252 1227 1292 τυ-
1237 1229 1277 1293 88

149 1328 274 1412 χόντων
297 1329 333 1397 έν
355 1336 396 1418 τῇ
414 1329 555 1417 τήμερον
570 1326 676 1417 ήμέρᾳ
692 1328 846 1410 δικάζετε,
870 1323 955 1394 ἀλλὰ
969 1330 1046 1411 περὶ
1063 1335 1227 1415 σωτηρίας

149 1435 209 1521 τής
234 1429 365 1510 πόλεως
393 1431 527 1520 ἀπάσης
554 1434 607 1498 καὶ
636 1430 723 1516 πρὸς
750 1430 883 1510 τούτοις
908 1433 985 1516 περὶ
1013 1432 1224 1516 δωροδοκίας,

150 1533 255 1613 ἔθους
277 1538 423 1621 πονηροῦ
445 1537 500 1601 καὶ
522 1534 717 1620 πράγματος
738 1533 953 1613 ἀλυσιτελοῦς
967 1531 1045 1616 ύμῖν
1069 1535 1127 1600 καὶ
1141 1531 1225 1600 πάν-

149 1661 210 1714 τας
225 1635 429 1721 ἀνθρώπους
444 1633 707 1716 ἀπολωλεκότος.
738 1633 793 1725 (ὃ)
815 1635 845 1704 εἰ
865 1637 925 1719 μέν
947 1631 1030 1702 καθ’
1049 1631 1128 1702 όσον
1151 1634 1225 1702 §mh

149 1738 283 1806 δυνατοὶ
299 1739 466 1825 έκβαλεῖτε
488 1739 522 1805 έκ
536 1745 595 1829 τής
609 1737 740 1816 πόλεως
762 1740 818 1806 καλ
836 1738 982 1805 παύσετε
1002 1736 1080 1816 τούς
1101 1738 1225 1825 ῥηιδίως

147 1837 230 1906 καθ’
249 1836 342 1923 ύμῶν
358 1841 509 1929 χρήματα
528 1841 765 1926 λαμβάνοντας,
788 1841 1022 1926 σωθησόμεθα
1040 1843 1129 1908 θεῶν
1144 1847 1225 1926 βου-

147 1945 311 2025 λομένων·
335 1943 365 2011 εἰ
384 1942 417 2009 δ’
434 1942 634 2029 ἐπιτρέψετε
655 1953 727 2021 τοῖς
748 1942 887 2030 ῥήτορσι
909 1942 1035 2010 πωλεῖν
1057 1938 1143 2025 ύμάς
1165 1939 1224 2009 αύ-

146 2043 233 2125 τούς,
258 2044 471 2131 περιόψεσθε
492 2044 550 2130 τήν
573 2045 673 2112 πόλιν
696 2039 945 2129 ἀνατραπεῖσαν
967 2042 1036 2111 ἀπὸ
1058 2044 1194 2111 τούτων.

224 2145 387 2233 Ἔχραψεν
415 2143 514 2226 αότός
543 2147 576 2214 έν
603 2155 651 2234 τῷ
680 2148 774 2235 δήμῳ
796 2151 1031 2234 Δημοσθένης,
1056 2143 1101 2226 ὥς
1124 2148 1222 2233 δηλο-
1231 2151 1272 2214 89

145 2247 220 2316 νότι
243 2251 370 2316 δικαίου
392 2252 452 2318 τοῦ
474 2247 669 2336 πράγματος
688 2247 793 2330 ὄντος,
818 2250 996 2336 φυλάττειν
1014 2243 1221 2337 Ἀλεξάνδρῳ

142 2350 187 2417 τὰ
217 2349 265 2431 εἰς
293 2351 352 2441 τήν
370 2349 522 2438 Ἀττικήν
550 2348 736 2440 ἀφικόμενα
761 2349 845 2436 μετά
864 2349 1037 2437 Ἁρπάλου
1058 2352 1221 2440 χρήματα.

144 2449 251 2532 ούτως
277 2439 344 2534 σόν,
375 2439 556 2539 ιύάριστε,
588 2455 664 2524 εἰπέ
686 2479 760 2538 μοι,
792 2452 989 2540 φυλάξομεν,
1019 2453 1076 2522 έάν
1098 2453 1139 2520 σύ
1160 2453 1221 2536 μὲν

146 2556 253 2624 ε’όκοσι
273 2557 418 2624 τάλαντα
441 2557 551 2643 λαβὼν
573 2560 647 2645 ύχης
670 2555 755 2648 ἰδίη,
786 2558 895 2642 ἕτερος
917 2557 955 2626 δέ
976 2557 1219 2637 πεντεκαίδεκα,

144 2659 304 2746 Δημάδης
326 2661 362 2729 δέ
381 2660 620 2745 ἑξακισχιλίους
632 2664 756 2746 χρυσοῦ
772 2664 944 2742 στατύρας,
969 2659 1075 2744 ύτεροι
1097 2660 1134 2726 δὲ
1157 2655 1220 2726 όσα

144 2762 184 2846 δή
215 2785 299 2829 ποτε
328 2757 610 2851 ἀποπεφασμένοι
633 2763 718 2847 ελσίς
756 2763 957 2830 διακόσια
984 2762 1046 2849 χάρ
1075 2762 1221 2831 τάλαντά

144 2863 217 2932 έστι
245 2866 300 2933 καλ
329 2865 482 2951 ἑξήκοντα
510 2864 571 2952 ήδη
602 2863 778 2954 εύρημένα,
809 2860 854 2933 ὦν
884 2868 1001 2933 ολεσθε
1030 2865 1136 2954 <δεῖν>
1161 2864 1220 2957 τήν

144 2966 254 3034 αἰτίαν
281 2970 450 3035 τουτοισὶν
479 2965 668 3038 ἀναθεῖναι.
717 2969 772 3037 καλ
808 2969 935 3054 πότερα
968 2968 1101 3036 κάλλιόν
1136 2968 1216 3052 ἐστι,
1229 2976 1269 3041 90

143 3068 230 3152 πρὸς
259 3069 297 3139 δέ
325 3069 546 3155 δικαιότερον,
576 3065 700 3138 ἅπαντ’
725 3069 759 3138 έν
785 3074 832 3159 τῷ
854 3077 954 3160 κοινῷ
976 3069 1217 3158 φυλάττεσθαι,

144 3171 209 3250 ἕως
231 3167 270 3236 ἀν
292 3197 324 3238 τι
348 3174 475 3240 δίκαιον
499 3169 516 3239 ό
540 3174 644 3258 δῆμος
665 3172 898 3260 βουλεύσηται,
929 3167 951 3260 ἢ
978 3170 1056 3252 τούς
1078 3173 1219 3263 ῥήτορας

143 3274 198 3339 καλ
226 3275 292 3338 τῶν
322 3283 508 3362 στρατηγῶν
541 3274 649 3354 ἐνίους
676 3274 901 3363 διηρπακότας
930 3278 1033 3360 ἔχωνς
1067 3275 1130 3363 έχολ
1158 3278 1219 3361 μέν

211 3445 255 3510 87,
275 3449 298 3500 1.
316 3447 331 3496 2
353 3443 400 3510 τῆς
476 3450 621 3566 ηενομίνητ
637 3445 683 3499 ΝΑ
701 3463 753 3514 pn,
775 3449 831 3499 τοῖτ
908 3449 1063 3518 χωομένοιο
1079 3447 1128 3499 Α’;
1153 3463 1217 3500 corr.

140 3509 246 3565 Bekker
263 3543 295 3551 —
314 3513 457 3579 ἀνέμειναν

140 3579 227 3632 luerat
244 3580 346 3634 Reiske.
369 3609 403 3620 -
420 3584 436 3634 3
455 3569 536 3635 αὗται
554 3583 600 3636 ΝΑ
618 3600 669 3650 pn:
693 3599 757 3636 corr.
775 3583 818 3636 A'.
835 3613 869 3622 -
887 3586 903 3636 6
921 3587 1106 3651 ευσεβέστεροι
1123 3583 1165 3635 At.
1184 3611 1218 3622 -

140 3651 159 3700 ,7
176 3644 293 3718 χνοόμην
309 3652 343 3702 At
359 3677 394 3688 -
411 3647 596 3717 κατεστήσατε
612 3653 636 3703 Α
654 3667 701 3718 pr..
719 3667 782 3703 corr.
801 3651 844 3704 A‘.
862 3681 895 3691 -
914 3653 960 3716 88,
978 3655 994 3703 5
1011 3645 1028 3702 ό
1044 3651 1102 3704 εδδ.
1114 3648 1218 3716 Reiske,

142 3731 193 3769 om.
211 3723 223 3769 t
240 3745 271 3755 —
291 3718 355 3770 έστ.
379 3717 402 3770 Ν
421 3735 471 3786 φα,
495 3735 559 3772 corr.
577 3719 622 3772 N'.
639 3749 672 3758 —
691 3723 707 3773 8
724 3713 792 3788 ήμᾶτ
808 3718 840 3773 N.
857 3748 891 3760 -
908 3721 955 3785 88,
972 3722 990 3772 4
1006 3716 1169 3788 φυλάξωμεν
1186 3719 1217 3772 Ν.

141 3811 178 3823 -
195 3789 210 3839 5
228 3781 287 3838 ἰ’δια
304 3786 335 3839 Α.
352 3815 387 3826 -—
405 3791 420 3840 7
438 3784 603 3867 τετρακόσια
620 3787 667 3840 ΝΑ
685 3803 737 3854 φα,
753 3791 873 3856 τέτταρα
890 3789 949 3851 Α’ί,
966 3783 1111 3853 τριακόσια
1129 3787 1217 3841 mass:

141 3850 175 3902 δε
186 3867 244 3906 meo
257 3854 354 3907 mutavi
370 3884 405 3894 -
420 3852 474 3926 χάρ
491 3871 518 3907 m
537 3871 622 3908 rasura
635 3857 678 3908 Αἱ.
696 3885 730 3896 -
748 3858 763 3909 8
780 3852 832 3924 ἤδη
850 3849 984 3926 εὑρημένα
999 3870 1071 3908 cortu
1092 3861 1117 3907 λε
1130 3862 1219 3910 censet

140 3917 216 4039 ξίφει
234 3917 351 4042 -ἰ-Ιηλεῖη
361 3923 418 3976 εδδ.
437 3923 541 3990 Reiske,
563 3939 614 3978 om.
633 3929 651 3977 t.
674 3953 709 3963 —
731 3924 777 3989 90,
796 3927 813 3978 2
834 3923 902 3994 πρόε
919 3919 950 3975 δὲ
965 3921 1046 3993 (nal)
1086 3923 1165 3978 eiske.
1183 3953 1219 3964 -

176 4006 212 4040 αν
227 4008 244 4041 τ
294 4005 332 4043 ωε
352 4006 375 4047 ο.

492 3517 524 3568 ic.
542 3515 600 3568 εδδ.
613 3514 725 3582 Sauppe,
743 3531 794 3569 om.
806 3523 824 3580 t,
842 3520 937 3583 post4
963 3519 1078 3586 ενομίνη
1095 3515 1155 3566 addi
1173 3530 1218 3566 vo-
