2882 4554
215 239 254 298 10
659 237 842 292 ΔΕΙΝΑΡΧΟΥ

162 416 165 424 “
212 416 329 477 τοῦτον
351 405 575 492 ὑπολαβόντες
596 406 755 492 χρήσιμον
777 404 855 492 ύμῖν
878 403 990 488 αύτοῒς
1016 409 1177 494 ίοεσθαις
1213 412 1283 495 έχοι
1379 451 1382 456 v

213 537 264 589 τις
293 505 332 578 ἀν
361 510 467 578 εἰπεῖν
496 503 517 598 ἢ
546 505 636 593 ὑμῶν
665 504 688 598 ἢ
714 519 780 577 τῶν
808 510 1086 597 περιεστηκότων,
1122 512 1168 591 είς
1197 524 1282 581 ποῖα

213 607 312 693 οὗτος
340 611 518 700 πράγματα
543 611 703 680 εἰσελθών
725 607 747 700 ἢ
768 613 840 680 ’ίδια
863 607 884 702 ἢ
906 614 1001 680 κοινὰ
1024 608 1081 680 ούκ
1104 613 1282 701 ἀνατέτρα-

213 741 292 804 φεν,·
322 711 379 784 ούκ
402 716 448 795 εἷς
470 717 529 799 μὲν
551 716 610 804 τὴν
630 709 849 801 Ἀριστάρχου
872 716 977 783 οἰκίαν
1000 717 1174 799 εἰσελθών,
1202 725 1282 803 βοο-

212 816 330 896 λεύοας
362 815 436 901 μετ’
462 817 584 884 ἐκείνου
612 817 671 884 τὸν
699 817 878 906 Νικοδήμῳ
905 818 1054 885 θάνατον
1082 842 1283 887 κατασκευα-

212 927 349 1001 σθέντα,
373 917 411 986 ὃν
432 919 505 988 ’ίστε
526 920 658 1001 πάντες,
682 919 813 1004 ἐξέβαλε
833 918 890 987 τόν
903 915 1118 1007 Ἀρίσταρχον
1135 921 1191 989 έπλ
1207 932 1282 1002 ταῖς

212 1021 397 1107 αἰσχίσταις
425 1023 553 1106 αἰτίας,·
590 1025 644 1090 καί
673 1022 812 1109 τοιούτῳ
840 1018 927 1110 φίλῳ
948 1029 1162 1109 Δημοσθένει
1190 1024 1282 1115 ἐχρή-

213 1151 305 1208 σατο,
322 1123 407 1193 ὥστε
422 1127 562 1209 δαίμονα
578 1122 667 1213 αύτῷ
682 1133 799 1192 τοῦτον
814 1126 949 1193 καὶτῶν
964 1127 1182 1214 γεγενημένων
1198 1151 1282 1213 συμ-

163 1243 201 1305 31
214 1232 326 1317 φορῶν
349 1225 492 1317 ἡγεμόνα
514 1225 649 1311 νομίσαι
671 1230 895 1312 προσελθεῖν,·
917 1222 975 1295 ούκ
994 1228 1108 1314 ἐπειδη
1124 1233 1172 1316 τῷ
1189 1227 1280 1319 δήμῳ

212 1330 446 1418 συμβουλεύειν
467 1329 605 1416 ἤρξατο,
638 1328 683 1410 ὦς
712 1328 842 1418 μήποτε
864 1330 990 1418 ὤφελεν
1012 1369 1055 1381 --
1076 1330 1197 1422 ἀφήσω
1218 1333 1279 1420 γὰρ

211 1430 312 1503 αύτού
333 1432 375 1500 τά
397 1434 484 1501 ἰ’δια·
516 1431 534 1500 ὃ
556 1433 616 1520 γὰρ
638 1434 754 1518 χρόνος
776 1428 834 1501 υύκ
857 1433 1044 1518 ἐπιδέχεται
1065 1436 1279 1521 μακρολογεῖν

209 1576 261 1618 -,
286 1532 414 1623 ἀγαθὸν
431 1535 491 1618 μὲν
513 1533 629 1613 ἁπλῶς
653 1534 758 1604 εἰπεῖν
782 1529 875 1604 ούδέν
897 1541 1007 1621 γέγονε
1025 1538 1064 1623 τῇ
1081 1536 1189 1617 πόλει,
1212 1537 1280 1625 (ἐν)

209 1638 372 1717 κινδύνοις
400 1638 436 1704 δὲ
464 1637 520 1705 καὶ
546 1647 659 1717 κακοῖς
690 1639 742 1704 καί
772 1635 890 1724 ἀδοξίᾳ
916 1641 1011 1705 πάσα
1038 1635 1058 1726 ἦ
1084 1636 1209 1721 Ἑλλάς,
1240 1640 1278 1707 ού

209 1741 310 1825 μόνον
333 1736 480 1830 ἡπόλις,
502 1738 705 1828 καθέστηκας
727 1743 780 1807 καὶ
804 1741 976 1820 πλείστοις
998 1752 1127 1827 καιροῖς
1149 1742 1183 1810 έν
1205 1747 1279 1822 ταῖς

211 1846 424 1932 δημηγογίαις
458 1839 622 1926 χριόμενος
655 1839 807 1922 ἅπαντας
836 1842 943 1932 ἀφῆκε
970 1843 1047 1924 τοὺς
1075 1840 1159 1929 ύπέρ
1188 1843 1278 1930 ύμῶν

209 1944 357 2032 καιρούς,
388 1945 422 2012 ἐν
452 1939 504 2023 οἷς
525 1969 576 2022 τις
598 1936 638 2010 ἀν
662 1942 844 2034 φιλόπολις
866 1939 946 2034 ἀνὴρ
974 1945 1029 2014 καί
1052 1944 1199 2033 κηδεμιάν
1220 1950 1279 2034 τῆς

208 2047 339 2127 πόλεως
366 2043 542 2133 προείλετό
570 2072 603 2112 τι
633 2048 773 2131 πρᾶξαι,
809 2049 968 2113 τοσοῦτον
997 2045 1070 2136 (δ’)
1099 2047 1229 2133 έδέησεν
1259 2053 1276 2115 δ

209 2148 401 2237 δημαγωγός
429 2149 486 2217 καὶ
512 2149 670 2238 χρήσιμος
699 2147 815 2217 αὐτίκα
844 2149 958 2238 φήσων
982 2148 1059 2234 ύμῖν
1080 2154 1278 2240 γεγενῆσθαι

208 2253 329 2337 πρᾶξίν
351 2278 425 2318 τινα
448 2257 647 2338 προφέρειν,
676 2247 763 2319 ὥστε
790 2250 844 2320 καί
866 2250 942 2332 τούς
964 2253 1172 2339 πράττοντας
1193 2249 1277 2338 ὑπὲρ

157 2366 198 2428 32
207 2353 298 2440 ύμιῦν
326 2380 359 2420 τι
387 2357 445 2442 τῆς
473 2349 574 2420 αύτού
601 2354 699 2441 τύχης
722 2349 914 2441 ἀνέπλησεν.
952 2353 1060 2444 ἀπῆρε
1081 2354 1277 2443 Χαρίδημος

206 2457 293 2543 πρὸς
313 2457 371 2524 τὸν
394 2458 533 2542 Περσῶν
555 2458 703 2541 βασιλέα,
724 2455 885 2543 χρήσιμος
907 2453 983 2539 ύμῖν
1006 2456 1044 2525 ού
1065 2457 1176 2542 λόγοις
1198 2452 1274 2524 ἀλλ’

208 2563 315 2647 έργοις
335 2557 535 2644 βουλόμενος
557 2563 730 2644 γενέσθαι,
758 2561 810 2625 καί
840 2562 911 2638 τοῖς
941 2559 1039 2638 ἰδίοις
1063 2563 1136 2638 τοῖς
1159 2559 1276 2628 ἑαυτοῦ

206 2661 369 2741 κινδύνοις
398 2658 474 2746 ύμῖν
510 2662 565 2728 καὶ
593 2671 664 2740 τοῖς
694 2659 808 2740 ἄλλοις
828 2657 961 2745 Ἕλλησι
989 2660 1188 2746 βουλόμενος
1216 2661 1276 2747 τὴν

207 2769 372 2851 σωτηρίαν
394 2763 663 2846 παρασκευάσαι·
685 2764 825 2848 περιιών
848 2758 946 2841 οὗτος
967 2763 1050 2831 κατά
1071 2761 1132 2852 τήν
1153 2760 1276 2852 ἀγοράν

206 2866 394 2953 ἐλογοποίει
421 2868 476 2932 καί
501 2868 566 2931 τῶν
589 2870 824 2950 πραττομένων
848 2865 1009 2934 εἰσεποίει
1029 2866 1186 2933 κοινωνὸν
1218 2865 1275 2932 αύ-

205 2969 280 3036 τόν·
303 2965 389 3035 ούτω
411 2972 631 3053 κατέστρεψεν
653 2963 673 3056 ἡ
695 2967 772 3054 τύχη
795 2975 899 3036 ταῦτα
927 2965 1023 3035 ὥστ’
1054 2965 1200 3038 ἐναντία
1227 2975 1276 3054 γί-

157 3080 197 3142 33
206 3077 346 3158 γνεσθαι
360 3081 433 3150 τοῖς
448 3070 747 3154 προσδοκωμένοις.
775 3071 968 3150 ἐξέπλευσεν
980 3066 1153 3158 Ἐφιάλτης
1167 3079 1275 3156 μισῶν

205 3177 265 3258 μὲν
288 3177 414 3253 τοῦτον,
438 3170 697 3258 ἀναγκαζόμενος
720 3174 755 3240 δὲ
776 3176 842 3241 τῶν
865 3174 1066 3259 πραγμάτων
1089 3185 1274 3243 κοινωνεῖν·

206 3275 361 3364 ἀφείλετο
383 3274 439 3341 καί
460 3278 576 3342 τούτου
592 3270 611 3364 ἡ
626 3273 703 3361 τύχη
719 3277 778 3366 τῆς
792 3274 932 3353 πόλεως.
965 3272 1153 3355 Εάθύδικος
1168 3301 1275 3363 προη-

205 3399 409 3411 ‘—

272 3445 348 3510 80,2
364 3446 418 3510 ἔχει
436 3445 467 3500 N.
484 3474 518 3485 -
536 3447 551 3498 3
569 3442 780 3516 προεστηκότων
791 3447 814 3498 Α
827 3460 873 3512 ρι’,
892 3461 955 3498 corr.
968 3446 1011 3498 A'.
1028 3474 1063 3485 -
1080 3451 1096 3501 6
1117 3443 1273 3514 νικοδὴμΝ

204 3532 251 3584 με,
270 3531 333 3568 corr.
346 3515 390 3568 N¹.
409 3543 440 3552 -
460 3519 474 3567 7
492 3508 573 3584 ἀρίστ
583 3552 590 3566 .
600 3551 607 3566 .
618 3554 625 3568 .
637 3554 659 3567 ..
677 3517 699 3565 Α
712 3530 759 3581 pr„
776 3529 839 3567 corr.
851 3514 894 3566 ΑΕ
907 3543 939 3552 -
953 3517 969 3568 9
982 3509 1072 3566 αύτῶι
1091 3530 1154 3567 corr.
1163 3513 1273 3569 Bekker.

204 3612 237 3621 -
255 3582 298 3647 81,
318 3585 332 3636 3
357 3578 414 3647 ἰδέη
430 3581 453 3634 N
470 3610 505 3621 -
522 3577 659 3647 ἐνδέχεται
677 3581 774 3634 Wurm.
799 3612 831 3620 —
853 3584 869 3634 4
887 3581 918 3632 ἐν
939 3582 997 3637 add.
1015 3582 1058 3635 A2.
1076 3611 1110 3621 —
1127 3585 1142 3634 5
1161 3576 1241 3645 ἀδοξί
1249 3622 1273 3639 ..

204 3652 227 3705 N
240 3668 287 3719 pr„
304 3645 425 3712 ἀδοξίαιτ
436 3650 472 3703 N’
484 3679 516 3688 -
529 3648 606 3701 πᾶσα
619 3665 668 3704 om.
681 3649 703 3702 N
716 3651 741 3702 in
755 3649 823 3702 exitu
836 3651 954 3717 paginae.
967 3679 1001 3689 -
1013 3653 1029 3703 6
1042 3651 1110 3702 ἐνίει
1122 3666 1171 3704 ras.
1184 3651 1227 3705 N¹.
1239 3680 1273 3691 -

205 3723 220 3773 8
246 3718 369 3789 καιρούς,Ι
392 3721 438 3770 καὶ
456 3719 486 3769 έν
503 3718 550 3770 A²t
574 3747 605 3756 -
631 3717 678 3784 τῆς
695 3715 799 3772 πόλεως
816 3733 866 3771 om.
884 3718 933 3784 At,
957 3719 989 3771 cf.
1008 3718 1026 3769 C
1051 3735 1075 3784 ρ.
1095 3721 1135 3771 12.
1153 3748 1187 3758 —
1208 3721 1223 3772 9
1241 3711 1271 3770 δ’

204 3787 297 3840 addidi.
315 3815 348 3826 -
368 3791 400 3841 10
418 3783 483 3853 ἡμῖν
499 3787 529 3838 Α.
548 3815 581 3824 -
601 3788 632 3839 12
651 3781 747 3839 αύτούε
771 3801 834 3839 corr.
852 3785 963 3839 Bekker.
980 3815 1014 3825 -
1032 3785 1079 3849 82,
1098 3790 1111 3841 1
1130 3780 1272 3856 ἇπῆρινλ

203 3885 237 3895 -
261 3853 362 3938 ἳπρύτ
377 3855 438 3907 τῶν
452 3858 487 3908 Π.
503 3854 535 3907 Ν.
557 3883 589 3893 -
613 3857 628 3907 3
647 3853 742 3906 ἑαυτοῦ
760 3853 806 3906 ΝΑ
818 3869 869 3921 με,
893 3850 976 3907 αύτού
993 3855 1036 3920 A’,
1058 3852 1141 3906 αὑτοῦ
1160 3861 1178 3906 t.
1200 3882 1234 3893 ·-
1255 3858 1274 3908 4

203 3918 267 3993 ύμῖν
276 3923 308 3990 N,
319 3927 384 3990 ημῖν
395 3924 425 3976 Α.
438 3953 472 3962 -
485 3926 501 3977 6
513 3917 597 3975 αύτδν
609 3922 654 3975 ΑΝ
659 3923 675 3988 ¹,
691 3917 776 3976 αύτὸν
788 3923 809 3974 N
822 3938 859 3989 pr.
872 3952 905 3962 -
918 3928 932 3976 ἵ
946 3915 1031 3974 ούτωι
1043 3922 1065 3974 Ν
1077 3950 1112 3960 -
1123 3917 1160 3974 ἀι
1172 3918 1272 3975 τάναν·

203 3997 262 4046 τίοι
282 4007 345 4044 corr.
364 3991 449 4044 Baiter
467 4021 500 4031 -
516 3989 646 4061 γίνεσθαι
664 3992 705 4043 At.
723 4021 756 4030 -
773 3988 818 4058 33,
837 3994 852 4045 3
870 3985 1017 4046 εδθύδι.οε
1033 3990 1056 4043 Ν
1074 4005 1121 4057 με,
1145 4007 1210 4045 corr.
1228 3991 1272 4046 N¹.
