2882 4554
215 224 255 283 30
590 267 592 274 .
663 223 846 278 ΔΕΙΝΑΡΧΟΥ

215 393 457 482 ἐβουλήθησαν,
480 391 764 478 μεταβεβλημένον
788 393 824 459 δέ
847 390 946 459 αὐτόν
968 390 1023 459 καί
1044 392 1104 473 τάς
1125 391 1212 481 ύπέρ
1227 402 1290 460 τοῦ

166 486 168 490 ⁴
215 495 319 582 δήμου
343 493 481 581 πράξεις
504 492 815 580 ἐγκαταλελοιπότα,
839 501 956 560 τοῦτον
972 497 1195 579 περιποιῆσαι
1209 495 1290 577 βού-

138 597 336 680 ’98λεσθες
371 595 444 678 ούκ,
474 596 532 664 ἐὰν
563 599 758 684 σωφρονῆτε
788 598 841 662 καί
868 597 976 676 καλῶς
1005 599 1057 663 καὶ
1088 596 1173 682 ύπέρ
1195 595 1288 680 ύμῶν

213 697 319 767 αὐτῶν
352 700 406 766 καλ
434 701 491 788 τῆς
520 695 651 776 πόλεως
676 695 897 784 βουλεύησθε·
932 695 1017 765 ἀλλά
1054 698 1198 779 δέξασθε
1226 699 1287 788 τὴν

212 800 344 890 ἀγαθήν
369 801 482 887 τύχην,
512 798 533 888 ἣ
560 799 823 888 τιμωρήσασθαι
840 801 1022 884 ,παρέδωκε
1049 809 1116 867 τῶν
1138 801 1287 888 ῥητόρων

211 904 289 982 τούς
310 903 370 991 τήν
393 903 493 970 πόλιν
517 901 573 969 διά
594 901 655 986 τήν
685 900 793 968 αύτῶν
816 903 1020 986 δωροδοκίαν
1041 904 1201 993 ταπεινήν
1224 929 1288 972 πε-

211 1006 409 1092 ποιηκότας,
432 1005 488 1072 καὶ
510 1004 721 1092 φυλάξασθε,
751 1004 906 1089 καθάπερ
930 1005 963 1072 ολ
984 1008 1063 1073 θεολ
1085 1006 1286 1095 προειρήκα·

211 1132 264 1174 σιν
287 1105 365 1191 ύμῖν
389 1107 518 1186 ἐντοῖς
540 1103 712 1190 μαντείαις
734 1107 905 1189 πολλάκις,
929 1105 1006 1186 τούς
1022 1109 1195 1188 τοιούτους
1210 1105 1287 1196 ἦγε-

210 1211 314 1292 μόνας
328 1211 381 1277 καὶ
398 1210 614 1293 συμβούλους.
649 1202 809 1278 ἐκαύσατε
832 1209 868 1278 δδ
891 1208 992 1300 αύτή
999 1235 1017 1288 ς
1038 1212 1096 1298 τῆς
1118 1218 1286 1294 μαντείας.

209 1312 300 1400 Λέγε
321 1311 382 1402 τήν
403 1320 571 1397 μαντείαν.

651 1400 841 1454 ΜΑΝΤΕΙΔ.

159 1576 199 1638 99
293 1571 375 1646 Πῶς
395 1557 451 1634 σύν
467 1573 548 1650 μίαν
566 1567 695 1653 γνώμην
714 1567 837 1651 ἐξομεν,
861 1559 1088 1652 διἈθηναῖοι,
1111 1572 1185 1648 πῶς
1202 1567 1284 1654 δμο-

209 1669 370 1757 νοήσομεν
394 1665 539 1746 άπαντες
563 1666 646 1754 ὑπὲρ
668 1675 735 1736 των
766 1672 858 1758 κοινή
882 1669 1127 1757 συμφερόντων,
1152 1667 1230 1739 όταν
1250 1671 1283 1740 ολ

209 1771 365 1862 ἡγεμόνες
386 1771 441 1839 καὶ
463 1771 496 1838 ολ
519 1773 706 1858 δημαγωγοὶ
728 1771 878 1857 χρήματα
899 1772 1122 1855 λαμβάνοντες
1135 1776 1282 1858 προίων-

207 1901 264 1941 ται
291 1874 333 1941 τά
361 1877 419 1960 τῆς
441 1877 602 1958 πατρίδος
629 1879 857 1960 συμφέροντα,
885 1876 939 1940 καὶ
968 1870 1061 1959 ύμεῖς
1089 1874 1148 1957 μὲν
1177 1875 1232 1943 καὶ
1263 1872 1281 1941 δ

207 1978 313 2066 δῆμος
336 1972 426 2055 άπας
447 1975 616 2062 κινδυνεύῃ
639 1978 799 2061 περὶτοῦ
823 1976 968 2062 ἐδάφους
989 1985 1049 2043 τοῦ
1071 1979 1129 2065 τῆς
1150 1977 1282 2057 πόλεως

205 2081 258 2146 καὶ
288 2082 354 2146 τῶν
383 2077 480 2162 λερῶν
507 2080 572 2146 τῶν
601 2075 766 2165 πατρῴων
795 2078 852 2145 καὶ
878 2080 1011 2146 παίδων
1033 2082 1086 2146 καὶ
1109 2084 1279 2164 γυναικῶν,

206 2176 239 2249 ολ
268 2183 304 2248 δέ
333 2181 564 2268 διηλλαγμένοι
592 2180 680 2266 πρός
708 2177 829 2259 αύτούς
858 2178 891 2247 ἐν
918 2183 978 2263 μὲν
1001 2192 1076 2261 ταῖς
1098 2180 1282 2270 ἐκκλησίαις

206 2287 426 2368 λοιδορῶνται
451 2286 504 2350 καὶ
528 2282 782 2369 προσκρούωσιν
805 2281 962 2371 ἀλλήλοις
985 2284 1188 2372 ἐξεπίτηδες,
1213 2285 1282 2372 ἰδίᾳ

207 2388 243 2454 δὲ
264 2381 368 2455 ταύτά
390 2387 582 2473 πράττωσιν
604 2386 833 2467 ἐξαπατῶντες
860 2381 945 2470 ύμᾶς
966 2387 1044 2466 τούς
1070 2387 1176 2475 ῥᾷστα
1205 2412 1282 2454 πει-

133 2497 194 2560 100
207 2496 374 2573 θομίνους
395 2493 468 2568 τοῖς
488 2488 615 2557 τούτων
637 2489 766 2575 λόγοις,
788 2496 823 2556 τί
843 2488 904 2574 γάρ
928 2490 1000 2557 ἐστι
1021 2489 1160 2578 ῥήτορος
1181 2491 1281 2576 δημο-

152 2607 194 2657 103
205 2595 297 2661 τικοῦ
318 2591 374 2659 καὶ
395 2595 575 2675 μισοῦντος
596 2591 674 2670 τούς
693 2593 698 2678 Ι
717 2591 800 2658 κατὰ
815 2599 875 2681 τῆς
896 2592 1027 2670 πόλεως
1050 2591 1203 2676 λέγοντας
1224 2592 1280 2660 καὶ

206 2693 412 2780 γράφοντας,
444 2687 465 2782 ἢ
492 2699 526 2760 τί
554 2717 639 2780 φασι
666 2695 746 2773 τούς
772 2693 839 2778 πρὸ
863 2691 954 2782 ήμῶν
975 2693 1221 2780 γεγενημένους,
1252 2686 1280 2760 ὦ

204 2795 420 2881 Δημόσθενες
434 2797 488 2861 καὶ
499 2796 697 2877 Πολύευκτε,
715 2796 876 2863 διατελεῖν
893 2799 1083 2876 ποιοῦντας,
1106 2801 1161 2862 καὶ
1176 2799 1280 2863 ταῦτα

205 2896 342 2976 ούδενδς
365 2898 475 2965 δεινοῦ
495 2897 571 2964 τότε
593 2897 652 2985 τήν
675 2897 776 2964 πόλιν
799 2897 1071 2986 περιεστηκότος,·
1094 2896 1133 2965 οὗ
1155 2905 1279 2983 κρίνειν

205 2995 387 3088 άλλήλουςς
421 2996 481 3066 ούκ
508 2999 746 3086 είσαγγέλλεινς
780 2994 818 3066 ού
840 3000 1034 3087 γράφεσθαι
1056 2999 1279 3085 παρανόμων,·

206 3103 297 3171 ἐστιν
327 3091 384 3169 σύν
414 3099 433 3169 ό
461 3101 495 3169 τί
522 3101 730 3191 πεποιήκατε
760 3102 886 3170 τούτων
915 3098 1007 3187 ύμεῖς
1035 3102 1068 3168 ολ
1097 3101 1280 3187 φάσκοντες

204 3212 264 3273 τοί
287 3206 393 3293 δήμου
415 3204 578 3295 κήδεσθαι
598 3205 654 3272 καὶ
674 3204 733 3294 τὴν
757 3204 920 3293 σωτηρίαν
943 3201 1020 3288 ύμῖν
1043 3205 1077 3271 ἐν
1098 3213 1138 3292 τῇ
1153 3205 1279 3273 τούτων

274 3429 290 3480 6
308 3421 495 3494 βουλήσεσθε,
511 3426 619 3480 Dobree.
636 3455 671 3464 -
688 3422 734 3491 ⁹8,
753 3429 768 3480 2
786 3422 954 3492 βουλεύεσθε
971 3425 1018 3479 NA
1035 3442 1088 3496 pr„
1112 3443 1175 3482 corr.
1192 3428 1227 3478 ΑΙ
1244 3457 1277 3468 -

205 3492 321 3558 δεξεσθε
337 3494 446 3547 Dohree.
469 3523 503 3534 -
527 3498 543 3548 3
560 3490 722 3564 παρέδωκεν
738 3492 820 3565 (ὑμῖν
853 3495 913 3547 mal.
930 3494 1068 3549 Maetzner.
1092 3524 1126 3535 ·-
1149 3493 1279 3549 ίαδτεῐν

204 3564 260 3617 ΑΝ.
282 3593 315 3602 -
339 3558 534 3632 5φυλάξεσθε
550 3563 659 3617 Dohree.
681 3591 714 3602 -
737 3567 751 3616 ’ί
795 3550 809 3578 τ
835 3577 858 3615 ιε
874 3562 978 3631 Gruter,
1002 3564 1034 3616 τί.
1053 3566 1069 3630 9
1089 3566 1130 3618 78.
1148 3591 1180 3603 —
1197 3563 1275 3632 921

205 3626 400 3698 ὁμονοήσωμεν
411 3630 442 3684 N.
460 3659 493 3670 -
511 3634 528 3684 4
545 3628 619 3699 ύμεῖτ
635 3633 686 3698 μὲν
703 3626 719 3683 ὁ
736 3631 816 3698 Apu,
834 3635 880 3682 καὶ
898 3631 956 3685 εδδ.
972 3633 1015 3698 ΑΙ,
1033 3631 1115 3733 ητίωο
1133 3631 1199 3685 falso
1217 3638 1277 3685 ante

204 3700 263 3765 μὲν,
281 3704 333 3752 tum
352 3705 412 3752 ante
430 3692 453 3752 ό.
470 3728 505 3736 -
523 3702 538 3752 5
556 3695 706 3752 κινδυνεύει
723 3700 745 3752 Α
764 3715 801 3766 pr.
819 3697 842 3751 N
859 3716 906 3769 pr„
928 3715 992 3754 corr.
1010 3699 1089 3754 AN&
1107 3727 1141 3739 —
1159 3704 1173 3753 ’ί
1193 3695 1277 3764 διηλλ.

204 3763 272 3886 ηηηδτ
289 3762 350 3886 addc.
368 3770 430 3849 ρηεί
446 3763 504 3888 ληίην
522 3763 554 3849 δε
570 3768 701 3888 ίηεηεηηοί
719 3766 884 3888 υιεΙίίνήλΙΙηεε
906 3797 939 3808 -
960 3763 1059 3853 μύτούε
1075 3766 1122 3821 ΑΝ
1138 3783 1277 3888 ηκεΑιοοιτ.

241 3862 300 3886 .-
350 3853 439 3887 ταυτα
480 3854 631 3898 ,τααυτοι
678 3851 771 3889 :corn
822 3852 838 3889 o
878 3853 984 3890 -τοτε
1058 3852 1078 3888 r.
1104 3851 1167 3888 τουε
1219 3864 1278 3889 .-

204 3901 300 3964 100,3
322 3895 402 3969 ὑμῶν
419 3903 521 3956 Reiske.
541 3932 571 3942 -
591 3908 606 3957 ’ί
629 3906 707 3956 ίστιν
724 3891 774 3956 σύν
791 3942 867 3960 .....
887 3909 944 3973 101,
962 3908 977 3958 2
996 3838 1088 3956 ύνρίιύ
1099 3904 1213 3971 margine
1231 3904 1277 3956 ha-

204 3969 250 4022 bet
263 3968 306 4019 Αἱ.
324 3997 359 4008 -
376 3975 390 4022 7
409 3968 437 4021 οἱ
451 3973 478 4024 in
495 3986 583 4025 rasura
601 3971 644 4027 δ’.
662 4000 698 4011 -
715 3974 730 4025 8
748 3970 814 4039 ἡμῖν
829 3973 853 4025 Α
870 3990 917 4042 ηε,
935 3989 999 4027 corr.
1017 3971 1060 4027 λ’.
