2882 4554
480 280 564 334 ΚΑΤΑ
580 279 832 334 ΔΗΜΟΣΘΕΝΟΥΣ.
941 329 944 338 ,
1155 281 1196 340 33

123 451 209 532 τέον,
232 450 288 517 ἐὰν
312 457 513 536 σωφρονῆτε,
543 453 615 528 τοῖς
635 453 876 536 Δημοσθένους
894 450 900 534 Ι
920 448 1024 528 ἐλέοις
1045 450 1105 537 τήν
1128 476 1196 518 κοι-
1207 466 1251 517 104

124 553 183 641 νην
206 555 258 619 καὶ
283 553 411 619 δικαίαν
433 548 518 637 ὑπὲρ
541 556 598 641 τῆς
620 552 751 630 πόλεως
774 547 967 637 άπσλογίαν.
1006 547 1114 632 σύδελς
1134 553 1195 639 γὰρ

124 652 216 737 ὑμῶν
245 649 402 742 ἠνάγκαζε
430 662 547 721 τοῦτον
577 654 619 720 τά
641 654 685 742 μὴ
710 653 922 742 προσήκοντα
942 652 1092 743 χρήματα
1114 658 1195 738 λαμ-

123 757 259 843 βάνειν
287 756 370 823 καθ’
394 756 499 840 ὑμῶν,
529 757 645 844 πολλῷ
672 758 778 823 πλείω
808 759 874 823 τῶν
897 757 1015 823 ἱκανῶν
1039 753 1085 824 δι’
1111 753 1196 840 ὗμάς

124 859 218 942 ἕτερα
240 865 441 945 κεκτημένον,
466 853 539 924 οὐδ’
564 855 812 942 ἀπολογεῖσθαι
834 861 888 925 νύν
912 855 994 940 ὑπὲρ
1017 861 1082 925 τῶν
1106 854 1196 940 τόμο-

124 960 310 1047 λογημένων
339 956 564 1046 άδικημάτων,
593 960 767 1044 γράψαντα
797 959 880 1025 καθ’
906 960 1022 1026 ἑαυτοῦ
1046 959 1195 1028 θάνατον

122 1065 184 1152 τὴν
208 1064 340 1149 ζημίαν·
374 1055 449 1129 ἄλλ’
473 1056 493 1150 ἦ
523 1061 557 1128 έκ
583 1070 642 1128 τοῦ
673 1059 773 1126 άλλου
795 1060 871 1143 βίου
895 1062 1039 1148 ἔμφυτος
1063 1061 1196 1147 αἰσχρο-

123 1165 253 1251 κέρδεία
275 1167 328 1230 καί
352 1170 494 1248 πονηρία
517 1170 620 1240 ταῦτα
642 1162 688 1241 είς
703 1163 761 1251 τὴν
776 1162 921 1252 κεφαλὴν
938 1163 1027 1251 αὐτῷ
1042 1163 1195 1250 τέτραφε.

122 1271 167 1358 μὴ
191 1257 247 1333 σόν
271 1265 422 1349 άχθεσθε
448 1259 548 1330 αὐτοῦ
575 1265 745 1342 κλαίοντος
772 1267 826 1330 καί
858 1259 1073 1348 ὀδυρομένου·
1107 1265 1195 1332 πολὺ
1208 1274 1268 1337 109

121 1371 183 1456 γάρ
208 1362 247 1434 άν
271 1365 476 1450 δικαιότερον
495 1366 694 1454 έλεήσαιτε
718 1367 777 1456 τὴν
798 1366 906 1450 χώραν
913 1418 922 1447 ,
951 1365 990 1455 ἣν
1020 1361 1118 1446 οὗτος
1139 1394 1195 1434 κα·

122 1470 281 1556 θύστησιν
305 1469 351 1547 είς
373 1469 449 1546 τοὺς
472 1470 640 1547 κινδύνους
662 1477 802 1537 τοιαῦτα
823 1468 988 1553 πράττων,
1018 1467 1038 1557 ἢ
1063 1469 1139 1547 τοὺς
1161 1469 1197 1549 ἐξ

123 1573 240 1662 ἑαυτῆς
272 1572 501 1659 γεγενημένους
534 1567 618 1655 ὑμᾶς
651 1571 800 1652 ἱκετεύει,
841 1578 1120 1658 παραστησαμένη
1153 1571 1195 1638 τά

122 1670 262 1758 ύμέτερα
282 1680 381 1740 τέκνα
403 1675 455 1740 καὶ
479 1684 642 1758 γυναῖκας,
665 1673 924 1762 τιμωρήσασθαι
945 1673 1003 1740 τόν
1027 1673 1194 1759 προδότην

121 1781 175 1844 καλ
199 1777 315 1865 σῴζειν
338 1775 466 1860 ἑαυτήν,
489 1772 574 1861 ύπέρ
597 1770 637 1862 ἧς
659 1776 692 1842 οἱ
715 1777 874 1860 πρόγονοι
893 1775 1010 1854 καλούς
1032 1777 1088 1843 καὶ
1109 1777 1194 1843 πολ-

121 1879 198 1957 λοὺς
220 1877 389 1956 κινδύνους
411 1873 647 1959 ὑπομείναντες
670 1877 849 1962 ἐλευθέραν
872 1874 972 1963 αύτήν
991 1873 1068 1963 ύμῖν
1084 1905 1194 1964 παρα-

121 1980 314 2059 δεδώκασιν,
338 1979 373 2046 έν
397 1973 418 2068 ᾗ
441 1979 551 2046 πολλά
572 1979 627 2047 καί
648 1980 731 2047 καλὰ
754 1982 1005 2066 παραδείγματα
1022 1981 1193 2050 λέλειπται

121 2085 182 2170 τῆς
195 2084 261 2148 τῶν
282 2082 543 2169 τελευτησάντων
566 2080 693 2171 άρετῆς.
724 2083 771 2161 εἰς
785 2082 905 2170 ταύτηνΙ
921 2081 1191 2168 ἀποβλέψαντας,
1207 2091 1267 2153 110

120 2169 149 2249 ὦ
168 2177 360 2268 Ἀθηναῖοι,
382 2184 437 2251 καὶ
459 2184 519 2263 τάς
541 2185 575 2251 ἓν
598 2179 679 2272 αὐτῇ
698 2192 870 2269 γινομένας
889 2192 1052 2270 πατρίους
1068 2184 1192 2264 θυσίας
1299 2259 1301 2266 s

120 2288 174 2351 καί
204 2286 263 2363 τὰς
290 2289 356 2353 τῶν
384 2286 555 2372 προγόνων
584 2286 693 2373 θήκας
721 2294 834 2373 φέρειν
864 2291 915 2356 δεῖ
942 2289 1021 2368 τούς
1050 2277 1083 2356 εύ
1108 2313 1192 2376 φρο-

119 2395 256 2466 νοῦντας
284 2388 342 2476 τὴν
372 2391 500 2474 ψῆφον.
542 2390 595 2454 καὶ
626 2385 705 2454 όταν
734 2396 954 2476 Δημοσθένης
983 2390 1192 2476 ἐξαπατῆσαι

116 2488 318 2574 βουλόμενος
346 2491 399 2556 καί
427 2490 716 2575 παρακρουόμενος
737 2486 821 2572 άμᾶς
845 2493 1024 2580 οἰκτίζηται
1050 2496 1103 2560 καί
1133 2495 1192 2559 δα-

118 2590 197 2678 κρύη
205 2641 213 2671 ,
244 2588 336 2676 ὑμεῖς
366 2591 413 2671 εἷς
443 2591 482 2658 τό
511 2595 568 2683 τῆς
595 2593 725 2671 πόλεως
752 2592 907 2678 ἀξίωμα
936 2594 1192 2682 ἀποβλέψαντες

117 2696 173 2759 καί
195 2693 254 2779 τὴν
276 2694 438 2778 πρότερον
463 2694 561 2773 δόξαν
585 2695 684 2782 αὐτῇ
708 2693 918 2780 ὑπάρχουσαν
939 2692 1104 2778 άντύθετε,
1127 2699 1192 2766 πό-

117 2819 214 2878 τερον
241 2791 259 2881 ἡ
290 2795 388 2874 πόλις
417 2794 619 2881 ἐλεεινοτέρα
642 2797 699 2864 διά
720 2807 838 2865 τοῦτον
860 2805 990 2885 γέγονεν
1012 2793 1034 2887 ἢ
1056 2801 1112 2868 διά
1133 2800 1191 2884 τήν

117 2896 219 2963 πόλιν
229 2902 461 2985 Δημοσθένης.
500 2894 652 2987 εόρήσετε
673 2899 734 2985 γάρ
757 2904 873 2967 τοῦτον
896 2903 955 2985 μέν
979 2901 1132 2988 λαμπρόν
1155 2904 1193 2982 έξ
1205 2906 1262 2968 111

119 2992 157 3064 οἶ
186 2999 419 3088 προσελήλυθε
447 3002 532 3084 πρὸς
554 3002 591 3067 τό
614 3003 854 3070 πολιτεύεσθαι
877 3011 1101 3091 γεγενημένον,
1135 3007 1188 3072 καί

118 3094 191 3166 άντί
213 3101 272 3185 μέν
296 3102 503 3190 λογογράφου
525 3103 580 3169 καί
601 3109 730 3188 μισθοῦ
752 3107 811 3184 τὰς
833 3108 925 3184 δίκας
940 3107 1091 3191 λέγοντος
1105 3103 1189 3194 ύπὲρ

187 3335 371 3413 θάπολογίαν
389 3348 458 3396 recte
476 3343 590 3397 defendit
606 3343 748 3408 Maetzner,
774 3351 911 3416 τιμωρίαν
933 3350 964 3402 ci.
982 3347 1092 3403 Bekker.
1116 3379 1150 3388 —
1173 3355 1190 3405 4

116 3405 307 3474 λαμβάνονται
326 3426 390 3464 corr.
412 3411 489 3466 wolf.
508 3442 540 3450 -
559 3416 574 3466 6
592 3408 679 3466 άπυλο
697 3412 792 3466 εῖσθαι
810 3416 831 3468 Α
850 3431 897 3484 pr„
914 3432 1000 3470 rasura
1020 3422 1142 3470 mutatum
1162 3419 1189 3471 in

115 3472 297 3542 ἀπολεῖσθαι,
320 3476 389 3545 quod
407 3481 513 3546 praebet
530 3480 560 3533 N.
584 3510 619 3518 —
640 3433 702 3545 105,
721 3479 889 3548 κεκτήσεται
912 3501 976 3538 corr.
994 3486 1101 3538 Dobree.
1120 3514 1154 3523 -
1172 3489 1187 3540 3

115 3543 154 3594 εἰσ
170 3541 231 3598 τοδε
249 3565 273 3598 τι.
291 3544 443 3610 καθίστησι
460 3547 491 3600 Ν.
512 3577 542 3586 -
562 3552 579 3602 4
596 3543 678 3614 αὐτῆς
695 3551 730 3615 Α,
754 3545 835 3617 αὐτῆς
851 3557 863 3604 t
879 3582 913 3591 —
930 3548 999 3620 ἡμᾶς
1016 3554 1038 3607 N
1056 3569 1094 3620 pr.
1122 3569 1186 3606 corr.

114 3610 161 3663 w.
183 3640 216 3650 -
240 3616 256 3665 ε
274 3610 388 3665 ποιμα
405 3617 450 3665 ,ω
469 3613 582 3668 „adme
599 3617 656 3682 με)
674 3618 704 3669 N.
728 3646 761 3656 -
786 3623 799 3670 τ
818 3617 927 3691 aym
943 3623 966 3673 A
983 3637 1029 3687 pr„
1047 3591 1188 3675 καλεσει

113 3679 151 3730 A¹
168 3707 203 3718 —
220 3675 285 3746 ὑμῖν
302 3677 388 3748 αὐτὴν
405 3679 435 3733 N.
461 3712 493 3721 -
516 3685 575 3741 110.
595 3689 607 3737 1
631 3680 846 3754 δπυβλεηυαντε
863 3689 885 3741 Ν
903 3705 953 3755 pn,
976 3705 1040 3742 corr.
1058 3687 1101 3741 N¹.
1120 3719 1152 3728 -
1171 3695 1187 3744 5

113 3740 183 3813 ἡμᾶς
200 3745 223 3798 Ν
241 3775 275 3786 -
295 3749 441 3813 οἰκτίζεται
458 3752 479 3803 Α
497 3767 544 3817 σε,
563 3769 625 3805 corr.
644 3753 730 3803 A1-
749 3749 859 3824 δακρύει
876 3758 899 3808 Α
918 3772 963 3824 σε,
982 3751 1075 3826 δακρύ.
1093 3757 1116 3809 Ν
1134 3774 1186 3826 pn:

114 3829 179 3867 οοτε.
197 3815 278 3870 Α’Νῑ.
302 3845 335 3856 -
358 3821 374 3870 6
392 3818 473 3882 σῶμα
490 3819 560 3883 ANt,
584 3821 653 3888 quod
671 3821 785 3874 defendit
803 3825 876 3876 Blass
897 3825 955 3877 coll.
974 3824 1039 3906 Ηηρ.
1058 3826 1135 3879 1001.
1154 3829 1187 3880 23

111 3883 177 3948 (21),
196 3886 241 3936 24:
261 3900 324 3938 corr.
342 3883 483 3952 Markland,
501 3888 533 3942 cf.
551 3888 589 3952 ΙΝ,
608 3891 649 3942 21.
666 3916 702 3928 -
719 3893 733 3941 ’1
751 3886 926 3960 ὑπάρχουσαν
943 3888 1011 3960 αὕτη
1029 3893 1052 3945 Ν
1070 3924 1104 3934 -
1122 3893 1188 3964 πρό-

111 3967 195 4032 τρρσν
211 3952 234 4074 ᾸΔ
251 3968 299 4019 pr„
316 3968 403 4005 rasura
421 3969 485 4008 corr.
503 3984 537 3995 -
553 3957 611 4020 111,
629 3959 644 4009 2
663 3955 852 4025 προελήλυθεν
869 3960 890 4012 Α
906 3975 953 4028 pn,
972 3947 1035 4015 σόη.
1047 3963 1082 4015 ΑΙ
1099 3992 1133 4003 -
1150 3962 1187 4014 ιίτ

109 4037 145 4070 το
163 4035 192 4071 π.
235 4059 240 4072 .

164 4111 284 4145 ωιτηουτ
297 4115 335 4147 οι
966 4117 981 4167 3
