2882 4554
512 225 596 277 ΚΑΤΑ
613 223 865 278 ΔΗΜΟΣΘΕΝΟΥΣ.
1189 224 1229 283 19

237 386 309 480 ΙἪ
334 401 434 460 τοῦτο
462 394 522 476 μέν
544 391 603 460 οῦκ
626 392 845 481 ἐπιχειρήσεις
866 393 970 477 λέγειν
977 445 986 477 ,
1017 390 1069 462 ὅτι
1098 396 1134 462 δέ
1162 402 1228 462 τιῦν
1238 406 1277 469 61

153 496 338 582 πρότερον
367 490 635 579 ἀποφανθέντων
665 491 732 560 ἀπὸ
761 501 820 581 τῆς
845 497 966 585 βουλῆς
987 505 1060 574 τοῖς
1081 498 1141 577 μέν
1167 494 1228 563 ἀλ-
1251 517 1281 568 98

155 601 228 677 λοις
255 593 502 683 ὡμολογηκέναι
530 596 730 683 συμβέβηκεν
760 591 854 676 ἀξίαν
883 591 968 664 εἶναι
990 595 1047 686 τήν
1070 606 1127 683 της
1148 605 1229 682 βου-

154 702 215 787 λῆς
238 700 386 789 ζήτησιν,
416 698 472 766 σοί
502 699 539 767 δέ
565 698 656 785 μόνῳ
684 697 727 764 τά
752 699 831 782 περί
855 694 957 788 αῦτῆς
980 698 1229 789 pammac,-

154 802 240 870 ἀλλά
272 804 374 887 μόνος
407 801 448 869 σῦ
480 808 546 867 τῦν
581 800 721 868 πώποτε
754 800 1050 888 ἀποπεφασμένων
1083 799 1229 889 ἠξίωσας

154 904 234 973 ἑκὼν
261 911 389 992 σεαυτῷ
416 903 554 982 τούτους
579 904 693 987 κριτάς
721 905 775 969 καί
807 903 944 990 ζητητὰς
971 910 1144 989 γενέσθαι,
1173 904 1228 972 καί

154 1009 304 1093 ἔγραψας
325 1005 408 1074 κατὰ
431 1011 572 1073 σεαυτοῦ
593 1003 632 1073 τὸ
654 1004 828 1092 ψήφισμα,
851 1008 906 1073 καί
928 1006 986 1073 τὸν
1011 1009 1113 1097 δῆμον
1132 1007 1228 1073 ἐποι-

154 1109 225 1197 ήσω
247 1109 397 1195 μάρτυρα
419 1115 485 1175 τῶν
508 1103 779 1195 ὡμολογημένων,
805 1102 1000 1190 ὁρισάμενος
1023 1117 1151 1197 σεαυτῷ
1174 1110 1228 1193 ζ-

152 1219 232 1295 μίαν
255 1206 340 1279 εἶναι
361 1211 520 1292 θάνατον,
543 1208 601 1277 ἐὰν
624 1205 785 1297 ἀποφήνῃ
808 1208 881 1299 <ο’>
902 1207 922 1300 ή
944 1212 1047 1300 βουλή
1067 1214 1133 1278 τῶν
1152 1237 1227 1298 χρη-

152 1314 266 1397 μάτων
298 1313 457 1400 εἰληφότα
490 1339 523 1379 τι
556 1321 623 1378 τῶν
658 1312 705 1391 είς
736 1313 794 1398 τίν
826 1311 934 1398 χώραν
965 1309 1032 1379 όπό
1056 1309 1227 1399 Ἁρπάλου

152 1415 392 1497 κομισθέντων.
436 1412 520 1482 ἀλλὰ
542 1415 606 1502 μήν
630 1414 792 1499 πρότερον
817 1417 964 1500 ἔγραψας
986 1415 1037 1495 σό,
1061 1401 1089 1481 ω’
1111 1416 1277 1503 Δημό-62

154 1524 288 1597 σθενες,
317 1517 400 1583 κατά
422 1515 556 1584 πάντων
577 1515 703 1584 τούτων
732 1516 788 1582 καὶ
816 1524 882 1583 τιῦν
904 1514 1014 1583 ἀλλων
1032 1512 1225 1604 Ἀθηναίων

153 1616 268 1706 κυρίαν
296 1612 381 1686 εἶναι
408 1618 466 1707 τήν
495 1618 532 1698 ἐξ
556 1613 688 1705 Ἀρείου
711 1617 820 1704 πάγου
848 1619 971 1706 βουλήν
1000 1619 1139 1686 κολάσαι
1167 1619 1226 1691 τόν

153 1721 246 1807 παρὰ
260 1720 337 1799 τοῦς
351 1718 473 1805 νόμους
488 1720 753 1806 πλημμελοῦντα,
776 1727 943 1808 χρωμένην
958 1731 1030 1799 τοῖς
1046 1719 1227 1805 πατρίοις

151 1823 282 1909 νόμοις·
304 1826 357 1889 καί
380 1823 576 1907 παρέδωκας
595 1821 635 1887 σὺ
657 1822 712 1889 καί
728 1822 925 1906 ἐνεχείρισας
939 1823 1000 1912 τήν
1016 1823 1115 1890 πόλιν
1136 1821 1227 1890 άπα-

152 1949 214 1992 σαν
236 1926 354 2013 ταύτῃ,
385 1922 424 2011 ήν
447 1922 565 1991 αὐτίκα
587 1922 708 2012 φήσεις
731 1923 936 2013 ὀλιγαρχικήν
960 1922 1062 1993 εἶναι·
1095 1927 1151 1994 καί
1172 1952 1226 1993 τε·

151 2033 256 2095 θνάσι
282 2027 366 2094 κατὰ
394 2027 434 2092 τό
464 2026 522 2093 σόν
551 2026 714 2113 ψήφισμα
743 2027 801 2093 δάο
827 2034 893 2092 τῶν
916 2029 1081 2109 πολιτῶν,
1113 2029 1224 2115 πατήρ

151 2131 204 2196 καί
227 2128 308 2209 υλός,
332 2129 583 2212 παραδοθέντες
605 2135 652 2215 τῷ
675 2126 732 2195 ἐπὶ
756 2136 804 2216 τῷ
826 2126 1002 2213 ἀρόγματι·
1033 2127 1136 2217 ἐδέθη
1158 2138 1225 2196 τῶν
1234 2136 1276 2200 63

152 2226 216 2320 ἀφ’
243 2229 423 2315 Ἁρμοδίου
455 2232 634 2317 γεγονότων
664 2226 711 2309 εἷς
740 2232 822 2298 κατὰ
851 2230 890 2298 τὸ
919 2231 978 2300 σόν
1008 2231 1223 2318 πρόσταγμα·

150 2335 376 2421 ἐστρέβλωσαν
392 2333 601 2420 Ἀντιφῶντα
618 2336 672 2400 καί
690 2327 885 2402 ἀπέκτειναν
904 2328 998 2401 οὗτοι
1014 2342 1054 2424 τῇ
1071 2344 1129 2421 τῆς
1146 2342 1226 2418 βου-

149 2439 208 2526 λῆς
239 2435 415 2523 ἀποφάσει
439 2437 651 2515 πεισθέντες·
687 2436 836 2522 ἐξέβαλες
862 2436 902 2503 σὺ
921 2431 1072 2520 Ἀρχῐνον
1104 2437 1138 2503 ἐκ
1165 2443 1225 2524 τῆς

150 2539 280 2618 πόλεως
309 2537 367 2606 ἐπὶ
397 2539 563 2626 προδοσίᾳ
595 2537 679 2607 κατά
707 2537 766 2618 τάς
796 2546 854 2627 τῆς
882 2542 1006 2627 βουλῆς
1034 2534 1225 2624 ἀποφάσεις

150 2640 204 2708 καί
226 2646 398 2726 τιμωρίας.
434 2639 519 2708 κατὰ
535 2641 571 2708 δέ
587 2648 710 2707 σαυτοῦ
732 2639 786 2707 καὶ
804 2647 907 2705 ταῦτα
921 2639 1054 2725 γράψας
1069 2636 1170 2720 αότός
1183 2639 1224 2707 τό

150 2742 312 2830 ψήφισμα
333 2742 487 2827 ἀκυροῖςς
519 2744 572 2810 καλ
595 2750 664 2809 ποῦ
685 2749 791 2808 ταῦτα
813 2743 923 2809 δίκαια
945 2736 967 2832 ἢ
988 2741 1113 2826 νόμιμά
1134 2743 1225 2828 4010,-

235 2844 459 2930 Μαρτόρομαι
481 2844 541 2924 τὰς
564 2844 685 2928 σεμνάς
704 2845 797 2924 θεάς,
822 2841 938 2931 ἀνδρες
956 2841 1146 2933 Ἀθηναῖοι,
1169 2849 1224 2913 καί
1234 2851 1277 2913 64

149 2948 207 3015 τόν
222 2947 328 3015 τόπον
345 2945 381 3013 ὃν
398 2945 519 3014 ἐκεῖναι
533 2953 714 3031 κατέχουσι,
738 2948 794 3015 καί
814 2949 892 3027 τοῦς
907 2945 1019 3038 ήρωας
1033 2949 1109 3027 τοῦς
1125 2950 1224 3034 ἐγχω-

151 3048 259 3134 ρίους,
286 3050 342 3118 καί
369 3050 428 3137 τήν
446 3049 596 3137 Ἀθηνᾶν
618 3051 678 3140 τήν
701 3050 896 3131 Πολιάδα,
931 3053 984 3118 καὶ
1009 3048 1084 3129 τοῦς
1107 3049 1226 3132 ἀλλους

151 3151 253 3231 θεοὺς
281 3157 314 3219 οἳ
341 3152 400 3243 τήν
426 3151 537 3237 χώραν
560 3154 698 3241 καλιήν
721 3151 820 3220 πόλιν
843 3149 934 3242 ήμιῦν
959 3150 1142 3241 εἰλήχασιν,
1173 3150 1226 3222 ότι

150 3256 209 3321 τοῦ
239 3253 343 3342 δήμου
373 3254 648 3338 παραδεδωκότος
677 3250 755 3337 ῦμῖν
777 3253 1038 3344 τιμωρήσασθαι
1060 3256 1116 3323 τὸν
1140 3255 1225 3340 είλη-

218 3423 261 3486 ⁶1,
279 3427 296 3478 2
318 3427 473 3495 προτέρωνι
497 3442 561 3480 corr.
580 3425 696 3492 Scaliger
711 3453 748 3464 -·
764 3421 976 3493 ἀποφαθεντων
992 3426 1015 3479 Δ
1033 3442 1080 3493 pr„
1097 3441 1162 3478 εοιε.
1180 3426 1224 3478 4¹.

150 3522 185 3532 -
207 3496 222 3546 3
245 3489 357 3546 δικαίαν
377 3492 516 3548 Μεειωιει.
538 3523 571 3534 -
593 3498 611 3547 4
634 3495 735 3560 ζημίαν
758 3493 781 3544 Α
804 3509 855 3560 pn,
878 3487 993 3559 ζήτησιν
1009 3495 1045 3547 4¹
1066 3523 1099 3532 -
1121 3490 1157 3545 τὰ
1174 3492 1224 3546 del.

150 3560 263 3627 Ιλολιιεε,
287 3561 333 3614 sed
358 3560 613 3627 εί.1εοαι.λί11,36,
632 3565 673 3615 44.
696 3590 731 3601 -
754 3564 767 3612 ἵ
791 3561 893 3613 σαυτοῦ
909 3560 953 3614 Δί.
972 3591 1002 3602 -
1022 3558 1107 3627 8τὴν
1125 3562 1225 3628 ζημίαν

150 3628 248 3684 Wurm.
266 3657 299 3670 -
317 3633 334 3684 9
352 3621 383 3681 τ’
401 3629 443 3682 hic
460 3630 517 3683 add.
536 3631 617 3696 ΒΙεεε,
661 3635 703 3683 ost
719 3626 770 3681 ἐὰν
786 3628 924 3693 Μεειτυει,
949 3645 999 3683 om.
1017 3638 1035 3682 t.
1052 3657 1087 3668 -
1106 3631 1138 3681 10
1156 3625 1225 3695 εἰλη-

150 3691 216 3767 φότι
233 3697 293 3750 τῶν
309 3697 333 3750 N
351 3715 402 3765 pr.,
427 3713 491 3751 corr.
509 3698 552 3752 N2.
571 3727 603 3740 -·
621 3647 667 3763 δῦ,
685 3703 703 3753 4
724 3694 876 3768 πατρῴοισι
903 3713 968 3750 corr.
987 3697 1064 3749 Wolf.
1082 3725 1117 3734 -—
1135 3700 1150 3749 5
1168 3697 1225 3748 ἐνε-

150 3770 276 3836 χείρησαε
292 3765 338 3818 NA
350 3783 397 3834 pr„
416 3767 441 3819 in
454 3765 477 3816 Α
489 3781 574 3820 mura
587 3783 651 3820 corr.
668 3796 703 3806 -
722 3770 735 3818 7
754 3762 806 3818 σόν
821 3781 897 3834 supra
910 3781 1013 3818 venum
1032 3764 1075 3820 N¹.
1093 3793 1126 3802 —
1208 3769 1224 3819 5

175 3831 183 3848 ³
270 3850 297 3887 ra
321 3850 423 3888 versum
447 3833 490 3887 N¹.
515 3864 546 3873 -
572 3836 664 3888 Ἱίστι
681 3833 743 3900 ΑΝ,
767 3835 859 3897 έστινς
881 3840 899 3887 ι.
923 3862 956 3873 -
979 3831 1059 3898 64,3
1082 3830 1175 3886 πολιτί
1193 3853 1224 3886 a:

150 3849 311 3973 35:3014.
335 3929 369 3940 —
392 3907 410 3957 4
430 3898 483 3967 τὴν
504 3898 587 3956 πόλιν
609 3905 656 3953 καὶ
679 3900 733 3970 τήν
754 3900 848 3972 χοίραν
871 3901 894 3955 N
918 3929 952 3941 -
975 3895 1020 3954 ότι
1043 3901 1093 3954 del.
1112 3901 1224 3969 Sauppe.

150 3997 185 4009 -
203 3973 218 4023 5
235 3967 410 4042 τιμωρήσων
427 3971 484 4038 (sic)
501 3969 545 4038 N‘,
562 3968 760 4040 τιμωρήσασθε
778 3971 890 4038 Sauppe.

986 4014 1069 4107 2¹⁸¹v
