2882 4554
542 253 626 306 ΚΑΤΑ
644 253 862 307 ΦΙΑΟΚΑΕΟΥΣ.
1202 255 1242 313 43

173 421 374 505 δωροδοκίαν
407 420 616 508 γιγνομένηνς
656 418 711 488 καί
749 445 808 506 μοι
841 427 997 490 σκοπεῖτε
1028 422 1148 512 ταύτην
1181 425 1242 513 τὴν

169 522 298 610 στήλην·
634 595 775 646 men.

254 783 385 857 Καίτοι,
409 766 645 863 ιδἈθηναῖοι,
668 779 702 844 τί
725 771 763 842 άν
786 779 903 844 οἴεσθε
926 775 1067 855 ἐκείνους
1089 778 1165 856 τούς
1182 775 1241 843 άν-
1250 789 1291 852 26

168 883 247 967 δρας
275 890 420 969 ποιῆσαι
447 879 611 964 λαβόντας
640 875 661 968 ἢ
690 880 871 968 στρατηγόν
900 875 920 969 ἢ
949 880 1073 967 ῥήτορα
1099 879 1240 965 πολίτην

167 984 292 1051 ἑαυτῶν
322 984 413 1065 δῶρα
442 979 616 1064 δεχόμενον
645 981 702 1048 ἐπὶ
730 995 801 1060 τοῖς
833 989 893 1070 τῆς
923 981 1085 1066 πατρίδος
1113 982 1240 1069 συμφέ-

165 1108 297 1168 ρουσιν,
329 1087 363 1150 οἳ
389 1083 446 1149 τόν
471 1081 646 1167 ἀλλότριον
667 1082 791 1170 καὶτῷ
812 1088 898 1167 γένει
919 1087 973 1150 καί
995 1091 1038 1171 τῇ
1061 1084 1161 1171 φύσει
1182 1093 1240 1173 τῆς

161 1184 318 1265 Ἑλλάδος
346 1185 530 1269 άνθρωπον
561 1181 647 1251 ούτω
679 1184 813 1264 δικαίως
838 1189 893 1254 καλ
917 1185 1099 1274 σωφρόνως
1122 1186 1239 1273 ἐξήλα-

165 1313 226 1355 σαν
249 1288 296 1375 [ἐκ
317 1287 578 1372 Πελοποννήσου
601 1286 745 1375 πάσης],·
767 1287 938 1372 τοιγάρτοι
958 1291 1016 1378 τῆς
1031 1288 1162 1367 πόλεως
1183 1293 1237 1357 καί

163 1398 228 1458 τῶν
251 1389 422 1475 προγόνων
444 1384 544 1468 άξίως
565 1389 791 1457 ἐκινδύνευσαν
808 1389 894 1476 πρὸς
909 1390 966 1455 τὸν
981 1390 1158 1477 βάρβαρον.
1184 1417 1236 1455 κε

676 1683 727 1747 111.

415 1849 575 1932 ΚΑΤΑ
619 1848 988 1933 ΦΙΛΟΚΑΕΟΥΣ.
1028 1925 1031 1932 ,

249 2026 292 2086 Τί
312 2020 371 2107 χρὴ
397 2021 499 2105 λέγειν
522 2021 608 2106 πρὸς
630 2024 695 2088 τῶν
717 2027 808 2087 θεῶν
831 2025 908 2105 περὶ
930 2023 1083 2088 τοιούτου
1099 2015 1235 2106 άνθριό-

161 2144 242 2201 που,
271 2115 293 2211 ἢ
315 2129 401 2199 πῶς
422 2120 588 2212 χρήσεσθε
610 2131 650 2210 τῇ
672 2123 790 2190 τούτου
813 2121 972 2212 πονηρίᾳ,
1003 2121 1040 2202 ὃς
1062 2119 1120 2206 ούχ
1142 2121 1235 2204 ἅπαξ

160 2217 244 2289 ἀλλὰ
274 2226 344 2306 τρὶς
373 2223 618 2310 ἐξεληλεγμένος
640 2220 707 2292 ύπδ
730 2233 788 2312 τῆς
811 2226 849 2306 έξ
867 2224 998 2308 Ἀρείου
1022 2224 1130 2311 πάγου
1153 2233 1234 2310 βου-

161 2325 233 2412 λῆς,
257 2323 302 2402 ὥς
324 2321 425 2409 ὑμεῖς.
440 2325 585 2404 άπαντες
607 2329 679 2394 ἰ’στε
702 2331 756 2394 καὶ
780 2336 837 2395 νῦν
860 2328 894 2395 έν
915 2327 1070 2417 τῷδήμῳ
1087 2324 1230 2415 ἠκούετε,

158 2428 211 2492 καὶ
248 2426 450 2508 έψευσμένος
484 2424 641 2494 ἁπάντων
665 2422 857 2516 Ἀθηναίων
893 2428 1041 2497 ἐναντίον
1077 2430 1132 2496 καὶ
1165 2433 1231 2496 τῶν

159 2529 438 2614 περιεστηκότων,
472 2529 608 2617 φάσκων
630 2530 788 2597 κωλύσειν
803 2529 976 2616 (Ἅρπαλον
1000 2532 1047 2610 είς
1068 2531 1126 2596 τόν
1149 2537 1231 2598 Πει-

158 2638 239 2714 ραιᾶ
260 2634 524 2716 καταπλεῦσαι,
559 2632 739 2719 στρατηγὸς
767 2627 825 2720 ὑφ’
851 2629 941 2717 ύμῶν
971 2633 1028 2700 ἐπὶ
1050 2633 1110 2722 τὴν
1132 2640 1231 2700 Μου-

157 2739 269 2813 νυχίαν
292 2737 344 2800 κοί
367 2736 409 2800 τά
431 2735 553 2817 νειόρια
574 2742 894 2823 κεχειροτονημένος,
919 2738 973 2801 καί
997 2737 1088 2821 δῶρα
1109 2736 1266 2823 volavi-2

158 2856 220 2912 σας
243 2836 355 2918 λαβεῖν
377 2838 459 2902 κατά
483 2836 618 2904 πάντων
640 2834 732 2920 ύμιύν
754 2837 810 2904 καί
825 2846 885 2926 τῆς
899 2835 1006 2923 χώρας
1028 2838 1083 2904 καὶ
1098 2836 1230 2905 παίδων

100 2991 105 2998 .
157 2938 209 3003 καὶ
238 2940 413 3021 γυναικοῖν,
444 2939 499 3005 καὶ
528 2939 740 3027 ἕπεωρκηκιδς
770 2938 806 3006 όν
836 2939 965 3024 ὤμοσεν
989 2939 1085 3024 όρκον
1107 2941 1228 3024 μεταξύ

156 3046 215 3103 τοῦ
245 3039 338 3118 ἕδους
365 3040 420 3107 καί
447 3048 506 3130 τῆς
535 3043 711 3130 τραπέζης,
751 3045 804 3109 καὶ
832 3042 964 3128 γράψας
992 3040 1076 3109 καθ’
1107 3043 1230 3111 ἑαυτοῦ

156 3139 317 3228 ψήφισμα
345 3142 400 3209 καὶ
428 3143 580 3210 θανάτου
608 3145 829 3232 τιμησάμενος
858 3145 914 3211 ἐὰν
938 3143 1084 3231 εἰλήφη
1106 3171 1140 3211 τι
1162 3154 1228 3212 των

154 3243 326 3327 χρημάτων
356 3241 401 3311 ὧν
423 3243 597 3331 (Ἅρπαλος
636 3246 682 3325 εἷς
711 3247 770 3334 τὴν
798 3246 906 3330 χώραν
935 3244 1099 3330 ἐκόμισεν,
1139 3243 1263 3332 ὅμως3

224 3454 240 3503 9
257 3452 403 3520 γινομένην
420 3454 439 3502 t.
457 3479 489 3489 —
507 3450 577 3516 26,1
591 3450 686 3502 οἴεσθε
703 3451 808 3505 ποιέοι.
821 3470 845 3503 τ.
860 3445 973 3504 άνδ.Αί.
991 3481 1025 3492 -
1043 3458 1058 3507 6
1077 3453 1106 3502 λιι
1122 3455 1158 3503 Π.
1176 3450 1227 3504 πά·

155 3533 203 3582 σηε
220 3523 339 3584 suspecte
358 3517 475 3570 Bekkero
494 3521 536 3584 (cf.
549 3519 641 3572 Aeseh.
654 3519 693 3583 111,
705 3521 765 3584 259)
787 3533 837 3573 om.
856 3522 874 3572 t.
892 3549 926 3559 -
944 3524 958 3572 ‘1
978 3521 1067 3574 deesse
1085 3521 1225 3585 compluria

154 3591 307 3638 monuerunt
325 3585 405 3653 Turn,
432 3586 454 3638 N
472 3588 566 3640 subicit
584 3585 654 3640 κατὰ
673 3583 897 3658 ἀριστογείτονος.
921 3618 955 3628 -
978 3589 1016 3654 111,
1034 3590 1057 3653 l,
1077 3592 1088 3641 1
1107 3585 1140 3640 τὸ
1158 3587 1226 3659 πρὸε

153 3653 261 3722 Dionys.
278 3653 310 3706 de
328 3653 383 3708 Din.
401 3654 454 3707 iud.
469 3658 498 3708 10
518 3686 551 3694 -
568 3655 628 3709 τῶν
646 3657 672 3708 in
690 3671 738 3708 ras.
757 3657 789 3706 Α1
808 3685 842 3694 -
859 3654 994 3708 τοιούτων
1011 3652 1176 3725 ἀνθρώπων
1194 3658 1225 3723 Ν,

152 3723 223 3775 ολδ
248 3738 272 3789 p.
291 3725 315 3775 9.
339 3751 371 3760 -
397 3715 517 3776 λόπωτε
540 3717 633 3788 ἢπωι
655 3740 718 3776 corr.
738 3723 845 3776 Bekker.
871 3754 903 3764 -
929 3721 1133 3795 3ίληίεγμένοι
1150 3725 1173 3777 N
1191 3755 1225 3766 —

153 3790 199 3855 τῆε
214 3784 267 3860 Ἀρ.
286 3790 316 3844 N.
341 3819 374 3829 —
398 3792 413 3841 5
431 3795 477 3842 καί
495 3795 554 3844 καλε
571 3793 615 3854 δψ.
634 3792 720 3845 delere
741 3793 799 3845 mal.
819 3793 913 3846 Reiske
934 3821 968 3830 -
991 3793 1119 3844 ἐναντίον
1135 3797 1181 3845 καλ
1198 3795 1225 3846 in

152 3873 202 3909 ras.
214 3858 256 3909 ΑΙ.
275 3887 308 3898 -
327 3862 341 3911 *1
361 3856 573 3912 καταπλεύσεινε
592 3876 655 3915 corr.
667 3859 774 3913 Bekker.
792 3890 826 3900 —
845 3863 860 3913 8
878 3863 1129 3930 κεχειροτηνημίνοε
1146 3862 1168 3912 Α
1178 3877 1225 3928 pr„

152 3926 271 4044 οραύλῑ.
290 3926 367 4046 ῐΧΙΑ,
387 3929 402 3980 3
421 3925 589 3996 ίπιορκηκδιε
600 3928 678 3994 Αρκ,
697 3929 814 3984 eorr.A².
833 3957 867 3968 —
885 3933 900 3981 5
918 3925 1021 3999 εἴληφά
1041 3944 1104 3982 corr·
1115 3929 1226 3994 Bekker,

152 4007 185 4045 c.
226 4009 273 4049 em.
350 3998 399 4060 ‚9.
