2882 4554
212 241 256 300 24
660 243 843 297 ΔΕΙΝΑΡΧΟΥ

213 411 296 489 λεως
317 409 414 496 τύχην
431 408 538 492 ἐᾶσαι,
560 411 614 477 καί
630 412 861 501 προσδοκῆσαι
874 410 1000 478 τούτων
1015 417 1196 496 γενομένων
1210 415 1289 500 βέλ-

212 536 285 580 τιον
308 511 458 596 πράξειν.

159 621 202 685 78
295 612 490 694 Ἀκούσατε,
524 599 769 701 άἈδηναῖοι,
800 613 950 684 κάκείνου
979 625 1039 683 τοῦ
1069 622 1288 705 ψηφίσματος

209 719 270 784 τοῦ
291 722 473 804 γραφέντος
495 712 563 783 ὑπὸ
578 717 829 803 Δημοσθένους,
854 716 1127 805 ὃτεταραγμένης
1148 727 1207 806 της
1225 719 1288 787 πό-

210 820 293 897 λεως
320 819 404 899 μετὰ
432 816 490 908 την
520 818 553 886 έν
583 817 776 907 Χαιρωνείᾳ
804 819 909 907 μάχην
939 822 1082 907 έγροψεν
1110 816 1128 887 ὁ
1152 824 1289 910 δημοτι-

210 919 267 1000 κδς
295 915 406 1002 οὗτος,
440 919 495 987 καὶ
524 924 582 1010 τῆς
609 927 766 1005 μαντείας
791 931 850 1011 τῆς
876 922 1098 1011 έλθοάοηςέκ
1119 926 1289 1011 Δωδώνης

211 1022 306 1108 παρὰ
326 1032 386 1090 τοτ’
408 1022 493 1102 Διὸς
515 1026 574 1090 τοῦ
596 1025 819 1093 Δωδωναίου·
854 1028 972 1113 σαφῶς
993 1024 1055 1112 γάρ
1078 1025 1156 1111 ὑμῖν
1179 1028 1289 1095 πάλαι

211 1132 390 1212 προείρηκε
412 1125 647 1213 φυλάττεσθαι
667 1129 745 1206 τοὺς
767 1124 930 1215 ἡγεμόνας
957 1131 1011 1196 καί
1040 1129 1118 1207 τούς
1141 1129 1290 1216 συμβού-

211 1228 299 1307 λους.
344 1233 435 1314 Λέγε
456 1227 516 1316 τήν
538 1235 696 1312 μαντείαν
719 1232 863 1313 πρῶτον.

656 1333 846 1422 Μιυτειλ.

161 1543 203 1607 79
297 1539 389 1619 Λέγε
412 1532 451 1622 δὴ
476 1531 515 1600 τδ
537 1533 636 1601 καλὸν
659 1532 822 1621 ψήφισμα
843 1531 973 1603 τούτου.

652 1673 851 1728 mmmm.

296 1840 487 1927 Δημοτικός
514 1841 549 1927 γ’
575 1837 592 1908 δ
624 1842 807 1910 διατάττων
836 1843 952 1911 ἑαυτὸν
979 1842 1056 1927 μέν,
1086 1843 1201 1930 ἐπειδὴ
1232 1839 1290 1911 ἀν-

213 1942 323 2028 δρεῖος
345 1946 398 2010 καί
422 1943 565 2028 εὔψυχός
587 1944 694 2026 ἐστιν,
724 1947 760 2015 έν
783 1949 855 2024 τοῖς
878 1941 999 2025 ίίπλοις
1020 1952 1140 2030 μένειν,
1172 1943 1230 2026 οὓς
1253 1941 1286 2012 δ’

212 2037 254 2112 ἀν
277 2043 400 2125 αὐτὸς
423 2041 657 2134 ἀποδοκιμάσῃ
679 2050 745 2114 τῶν
768 2049 927 2129 πολιτῶν,
951 2048 1008 2116 έπί
1032 2048 1074 2116 τά
1096 2049 1176 2135 ἔργα
1191 2046 1291 2116 ἀπιέ-

212 2173 277 2228 ναι,
300 2147 357 2215 καί
379 2148 436 2216 ἐάν
459 2175 493 2216 τι
516 2147 597 2216 ἀλλο
619 2150 725 2236 τούτῳ
749 2146 828 2238 δόξῃ
851 2148 1042 2240 ἐπιτήδειον
1065 2145 1160 2234 εἶναι,
1191 2154 1289 2218 τοῦτο

212 2254 338 2319 ποιεῖν.
379 2257 471 2338 Λέγε
492 2249 533 2318 τά
557 2250 672 2319 λοιπά.

654 2374 854 2429 mmmm.

162 2547 203 2611 80
297 2539 459 2627 Ἀκούετε,
483 2539 600 2628 ἀνδρες
622 2543 785 2611 δικασταί.
821 2537 958 2610 ἀπιέναι
973 2543 1056 2631 φησὶ
1071 2540 1110 2610 τδ
1128 2541 1290 2630 ψήφισμα

212 2642 272 2721 τὰς
300 2639 477 2730 ᾑρημένας
503 2650 694 2730 πρεσβείας.
741 2669 759 2710 ι
782 2669 800 2710 ε
824 2645 940 2733 ἐπειδη
972 2642 1091 2732 ἤκουσε
1118 2641 1202 2727 μετά
1230 2643 1289 2730 τὴν

211 2743 316 2831 μάχην
339 2745 398 2835 τὴν
420 2746 454 2813 έν
476 2753 669 2835 Χαιρωνείᾳ
694 2746 871 2814 Φίλιππον
901 2745 947 2825 εἰς
975 2743 1033 2836 τήν
1062 2744 1172 2833 χώραν
1197 2743 1290 2833 ἡμῶν

212 2847 344 2932 μέλλειν
369 2847 565 2933 εἰσβάλλειν,
598 2847 697 2928 αὐτὸς
723 2847 839 2916 ἑαυτὸν
862 2846 1068 2935 πρεσβευτὴν
1091 2845 1291 2916 κατασκευά-

213 2973 290 3031 σας,
323 2947 370 3017 ἵν’
396 2949 430 3017 έκ
456 2953 514 3040 τῆς
543 2949 674 3030 πόλεως
703 2949 890 3039 ἀποδραίη,
925 2949 1210 3035 συσκευασάμενος
1232 2956 1290 3040 τῆς

214 3049 409 3141 διοικήσεως
432 3047 516 3119 δκτώ
538 3053 695 3133 τάλαντα,
724 3047 819 3121 οὐδέν
843 3059 1025 3141 φροντίσας
1046 3059 1104 3141 τῆς
1125 3049 1201 3120 τότε
1223 3076 1291 3118 πα-

214 3153 335 3242 ρούσης
350 3150 503 3240 ἀπορίας,
528 3152 616 3244 ἡνίχ’
635 3156 668 3222 σί
689 3154 787 3224 άλλοι
809 3155 932 3235 πάντες
954 3155 988 3223 έκ
1010 3162 1076 3221 τῶν
1100 3153 1194 3223 ἰδίων
1212 3154 1291 3222 έπε-

164 3261 202 3328 81
215 3256 353 3323 δίδοσαν
376 3257 423 3335 είς
444 3255 502 3348 τήν
524 3254 681 3344 ὑμετέραν
705 3255 881 3346 σωτηρίαν.
912 3259 1063 3335 τοιοῦτος
1078 3252 1157 3340 δμῖν
1174 3253 1193 3323 ὅ
1209 3254 1291 3342 σάμ-

286 3446 316 3500 13
335 3440 443 3513 προίξ..
461 3443 484 3495 Ν
502 3460 553 3512 pn,
576 3461 640 3498 corr.
657 3443 701 3497 N¹.
718 3471 753 3484 -
771 3444 814 3510 λδ,
832 3447 847 3497 2
865 3444 914 3496 τοῦ
992 3443 1119 3510 Δημοσθ.
1136 3444 1187 3497 del.
1206 3443 1290 3512 Kleyn

213 3543 248 3553 -
265 3506 312 3566 ἀτε
328 3531 419 3582 τεταρ.
438 3512 510 3580 Apr.
522 3513 545 3565 Ν
550 3515 566 3578 ¹,
584 3513 611 3564 in
629 3515 651 3564 A
669 3527 756 3566 rasura
775 3529 848 3578 eom,
865 3506 1010 3582 ὅτ.τεταρ.
1029 3511 1051 3564 Ν
1069 3528 1107 3578 pr.
1125 3542 1159 3551 -
1176 3516 1192 3566 3
1210 3514 1292 3583 ἔγρα-

214 3598 274 3651 ψαν
286 3583 308 3635 A
320 3597 367 3650 pr„
379 3596 443 3634 corr,
455 3581 498 3633 A¹.
515 3608 551 3621 -
568 3580 611 3643 w,
625 3585 636 3634 1
651 3577 702 3651 (τὸ
731 3577 829 3633 τούτου
841 3579 935 3632 Reiske
948 3586 965 3632 ί.
978 3610 1011 3620 -
1025 3583 1040 3633 3
1051 3599 1083 3652 γε
1095 3585 1149 3632 t-
1162 3576 1290 3633 διαττάτ·

214 3667 274 3702 των
290 3650 373 3733 λης,
391 3665 455 3702 corr.
467 3649 511 3706 A¹.
528 3679 562 3689 -
580 3652 595 3701 5
614 3635 690 3701 οὗτοι
748 3678 783 3688 -
799 3644 916 3702 ἀποδοκι
939 3643 999 3700 άσει
1011 3648 1033 3701 N
1046 3655 1073 3700 ει
1086 3649 1114 3700 st.
1126 3649 1148 3701 A
1161 3664 1208 3714 pr„
1226 3663 1290 3702 corr.

214 3717 293 3767 A¹·-
309 3736 344 3769 τα
355 3733 406 3771 om.
418 3717 450 3770 Ν.
467 3746 502 3756 -
520 3720 535 3771 8
547 3722 682 3787 μαρτυρία
690 3717 722 3770 A.
734 3746 769 3756 -
779 3717 826 3782 80,
838 3721 850 3771 1
864 3705 888 3768 αλ
900 3712 996 3786 ανδρεε
1007 3716 1049 3768 At.
1061 3745 1095 3755 -
1109 3718 1124 3768 2
1136 3716 1289 3786 είρημίνασε

215 3783 639 3864 ερπΝίοίί-πρισβιίατ,δπ.ί,
649 3786 766 3838 lacunam
776 3784 1028 3850 statuitL.Schmidt‚
1038 3784 1208 3851 supplendum
1218 3783 1290 3836 [orta

213 3867 293 3903 συτσε
310 3845 339 3902 δ’
354 3849 441 3918 ηίγετσ
452 3849 546 3906 ἀπιαίν
562 3881 596 3892 -
614 3849 709 3919 ἐπειδὴ
721 3849 785 3922 (δέ)
799 3853 870 3905 Wolf
886 3883 919 3892 —
937 3849 1023 3919 ᾤχετο
1041 3859 1101 3918 pont
1115 3849 1239 3904 τάλαντα
1250 3852 1291 3902 in·

215 3918 278 3972 serit
286 3917 424 3983 Μειιτυεε,
443 3926 502 3986 post
513 3916 649 3990 ἀποδραίη
662 3920 744 3975 Blass.
762 3951 797 3961 -
816 3926 831 3975 5
843 3915 1073 3992 συγκιυασάμενοτ
1084 3920 1107 3971 A
1124 3949 1158 3959 -
1168 3919 1232 3990 (λιι)
1243 3919 1291 3988 τῆε

215 3985 314 4038 Wurm.
331 4013 365 4024 -
382 3990 397 4039 6
415 3984 479 4040 ου’δί
495 3991 526 4042 A.
543 4019 578 4030 —
595 3993 609 4043 ’ί
630 3985 800 4044 ἀπεδίδοσαν
817 3990 849 4044 Ν.
866 4017 901 4029 -
919 3993 934 4044 8
952 3983 1088 4057 ἡμετέραν
1105 3987 1137 4043 Ν.
