2882 4554
540 259 623 311 ms
640 255 892 311 ΔΗΜΟΣΘΕΝΟΥΣ.
1233 259 1254 316 ό

156 411 158 417 ,
182 435 256 513 χλαν
272 428 443 516 νικήσαντι
457 427 747 508 Λακεδαιμονίους
768 424 822 492 καὶ
839 424 993 505 Κόνωνος
1008 425 1074 493 υἱεῖ
1095 433 1154 491 τού
1175 425 1253 504 τούς

176 528 335 617 Ἕλληνας
357 529 642 613 ἐλευθερώσαντος
669 527 724 594 καὶ
742 526 854 610 Σάμον
876 527 1030 612 λαβόντι
1051 529 1104 594 καὶ
1120 528 1253 596 Μεθώ-

183 657 241 720 νην
268 635 323 700 καὶ
346 632 480 700 Πύδναν
506 633 560 698 καὶ
583 631 770 697 Ποτίδαιαν
799 633 854 696 καλ
875 630 961 716 πρὸς
981 628 1118 709 ταύταις
1140 630 1253 713 ἑτέρας

185 738 291 802 ε’ίκοοι
313 735 444 816 πόλεις,
475 732 533 800 οόκ
556 732 768 820 ἐποιήσασθε
789 729 971 818 ὑπόλογον,
999 731 1075 799 ούδέ
1097 735 1156 821 τῆς
1178 731 1253 800 τότε

185 835 366 923 ἐνεστώσης
388 845 525 920 κρίσεως
548 833 625 903 οὐδὲ
645 842 711 901 τῶν
728 831 842 921 ὅρκων,
866 833 923 913 οὓς
945 833 1153 919 ὀμωμοκότες
1175 834 1253 921 ἐφέ-

184 962 257 1025 ρετε
277 938 336 1029 τὴν
357 946 485 1028 ψῆφον,
505 940 510 1021 1
530 936 893 1022 ἂντικατηλλάξασθε
913 937 974 1015 τὰς
994 936 1149 1014 τοιαύτας
1165 934 1252 1021 εύερ-
1273 949 1306 1000 92

183 1047 304 1127 γεσίας,
329 1035 404 1108 ἄλλ’
427 1039 541 1108 ἑκατόν
563 1038 732 1106 ταλάντων
755 1038 941 1126 ἐτιμήσατε,
965 1035 1018 1105 ότι
1038 1038 1176 1124 χρήματ’
1195 1036 1253 1105 αύ-

182 1141 252 1209 τδν
270 1142 527 1230 Ἀριστοφῶν
548 1142 566 1209 ἐ’
572 1166 622 1228 φη
639 1139 732 1225 παρὰ
745 1139 841 1208 Χίων
856 1141 1026 1228 εἰληφέναι
1039 1141 1094 1209 καὶ
1105 1137 1251 1209 Ῥοδίων·

182 1244 240 1312 τόν
263 1246 300 1312 δέ
321 1245 551 1313 κατάπτυστον
576 1245 693 1309 τοῦτον
718 1243 774 1311 καὶ
794 1243 927 1331 Σκύθην
950 1281 987 1294 -
1013 1244 1170 1329 ἐξάγομαι
1192 1243 1302 1330 γάρ15

182 1384 234 1427 -,
259 1345 296 1414 ὃν
319 1343 376 1431 ούχ
399 1342 446 1426 εἷς
467 1341 550 1433 ἀνήρ
573 1343 658 1412 ἀλλὰ
679 1348 773 1412 πᾶσα
792 1342 813 1435 ή
829 1345 866 1426 ἐξ
876 1343 1007 1429 Ἀρείου
1023 1346 1134 1432 πάγου
1149 1347 1251 1434 βουλή

186 1447 354 1536 ζητήσασα
376 1442 597 1534 ἀποπέφαγκε
617 1446 767 1536 χρήματα
790 1447 873 1531 ἐχειν
895 1441 978 1514 καθ’
1002 1443 1104 1530 ύμῶν,
1132 1451 1186 1514 καὶ
1210 1445 1228 1513 ὃ
1236 1474 1254 1528 ς
1291 1459 1294 1464 “

186 1549 426 1636 ἀποπέφανται
447 1551 644 1634 μισθαρνῶν
666 1548 721 1616 καὶ
743 1549 936 1632 δωροδοκῶν
956 1550 1039 1616 κατὰ
1052 1552 1110 1634 τής
1125 1549 1256 1629 πόλεως

183 1655 237 1720 καί
260 1655 363 1719 ταῦτα
385 1651 622 1742 ἐξελήλεγκται,
652 1654 769 1718 τοῦτον
795 1650 834 1719 ού
856 1651 1124 1738 τιμωρησάμενοι
1145 1653 1256 1737 πορό-

184 1758 300 1842 δειγμα
322 1755 481 1842 ποιήσετε
502 1765 574 1832 τοῖς
603 1751 731 1834 ἄλλοις,
766 1751 802 1831 ὃς
829 1749 888 1820 ούκ
915 1755 949 1821 ἐκ
976 1757 1041 1821 τῶν
1070 1755 1252 1840 βασιλικῶν

182 1858 283 1944 μόνον
307 1857 451 1944 εἰληφὼς
472 1862 605 1941 χρυσίον
627 1854 771 1942 φανερός
790 1855 888 1937 ἐστιν,
912 1853 997 1924 ἀλλὰ
1019 1859 1073 1924 καί
1097 1857 1133 1938 ἐξ
1152 1855 1253 1944 αὐτῆς

182 1963 240 2046 τῆς
261 1959 393 2039 πόλεως
414 1964 709 2046 κεχρηματισμένος
736 1953 754 2024 ό
776 1960 832 2024 νύν
856 1955 933 2025 ούδὲ
954 1962 1019 2025 τῶν
1042 1955 1109 2025 ὑπὸ
1128 1955 1251 2045 Ἀρπά-

182 2064 241 2129 λου
269 2067 498 2145 κομισθέντων
526 2060 699 2148 χρημάτων
729 2061 775 2139 εἰς
801 2060 859 2150 τήν
881 2059 982 2128 πόλιν
1005 2056 1253 2145 άποσχόμενοςς

182 2170 291 2231 καίτοι
312 2169 346 2230 τί
363 2169 462 2248 μέρος
477 2163 547 2231 ἐστὶ
562 2166 628 2230 τῶν
644 2159 711 2230 όπό
729 2167 900 2242 Τιμοθέου
916 2169 1156 2248 πεπραγμένων
1173 2159 1252 2250 ἄγα·
1264 2170 1303 2232 16

182 2269 256 2332 θῶν
280 2264 319 2345 ἃς
332 2267 553 2354 Δημοσθένης
576 2267 793 2352 ἐπρέσβευσεν
815 2265 862 2344 είς
880 2266 992 2354 Θήβας
1013 2272 1210 2352 πρεσβείας,·
1232 2259 1253 2356 ἢ

181 2375 232 2448 τίς
262 2366 320 2435 σύκ
348 2359 387 2434 ἂν
415 2368 664 2455 καταγελάσειεν
693 2365 782 2450 ύμῶν
808 2377 874 2435 τῶν
902 2372 1029 2436 τοῦτο
1055 2369 1252 2452 τολμώντων

182 2466 321 2551 όικοόειν,
347 2465 496 2548 άντιθεὶς
519 2469 575 2555 ἐφ’
593 2464 645 2548 αἶς
668 2463 765 2548 οὗτος
784 2469 977 2553 σεμνύνεται
991 2470 1153 2554 πράξεσιν
1169 2470 1253 2538 ἐκεί-

182 2599 240 2652 νας
262 2570 302 2652 άς
319 2571 489 2657 Τιμόθεος
511 2569 598 2655 ύμᾶς
619 2573 673 2639 καί
693 2571 808 2638 Κόνων
832 2572 1062 2658 εύιργέτησανς
1085 2567 1170 2639 άλλά
1190 2572 1252 2658 γάρ

183 2669 221 2740 οὗ
249 2675 336 2758 πρὸς
364 2677 462 2741 τούτο
491 2672 529 2741 τδ
558 2673 718 2759 κάθαρμα
747 2672 973 2758 παραβάλλειν
1002 2675 1053 2742 δεῖ
1073 2674 1150 2754 τούς
1173 2672 1251 2756 όξια

182 2778 236 2842 καί
259 2780 316 2863 τῆς
338 2777 469 2856 πόλεως
490 2779 545 2844 καλ
567 2779 633 2842 τῶν
655 2775 828 2862 προγόνων
845 2772 929 2862 ύττέρ
944 2773 1035 2860 ύμῶν
1052 2772 1251 2861 πράξαντας.

182 2879 433 2964 ’παρασχόμενος
468 2863 526 2945 σύν
561 2879 599 2945 τὸ
628 2879 790 2968 ψήφισμα
820 2878 859 2945 τό
892 2885 1051 2966 Τιμοθέῳ
1080 2878 1252 2967 γενόμενον

65 3057 66 3062 1
182 2979 284 3047 πάλιν
307 2980 364 3048 ἐπὶ
387 2979 464 3060 τούς
486 2979 566 3065 περὶ
587 2979 705 3046 τούτου
728 2979 845 3066 λόγους
866 2979 1057 3067 βαδιοῦμαι.
1094 2982 1194 3067 Λέγε.

619 3099 818 3157 mmmm.

265 3230 300 3301 ‘0
322 3239 488 3317 τοιούτος,
513 3225 539 3302 ὦ
561 3234 793 3324 Δημόσθενες,
817 3235 973 3321 πολίτης,
998 3233 1035 3316 ὃς
1056 3238 1191 3317 δικαίως
1213 3231 1302 3304 άν17

250 3453 430 3525 λλαβόντοτι
449 3474 513 3513 τοτε.
533 3458 644 3528 Sauppe,
662 3459 796 3512 Thirlwall
814 3465 841 3514 εί
858 3461 981 3528 praebent
998 3460 1044 3513 NA
1062 3479 1099 3530 pr.
1116 3461 1142 3513 in
1161 3477 1197 3513 ω.
1215 3461 1253 3516 111.

181 3553 215 3564 -
232 3528 248 3579 6
266 3520 319 3580 ύπό
339 3522 420 3596 λόγον
437 3527 473 3592 Α,
496 3522 633 3599 ύπὸλαγον
651 3527 682 3584 N.
700 3558 734 3566 —
753 3531 769 3582 8
786 3523 1091 3592 όντικοταλλάξασθοιι
1114 3544 1177 3582 corr.
1195 3530 1253 3584 Αλδ.

181 3621 215 3631 -
232 3597 248 3647 9
267 3591 347 3646 αὐτόν
363 3595 428 3664 έφηε
447 3609 511 3647 corr.
530 3612 563 3648 ex
579 3612 616 3650 or.
634 3596 672 3650 ΙΙΙ.
690 3625 724 3635 -
741 3597 784 3662 16,
803 3600 816 3649 1
836 3595 886 3650 τόν
903 3615 967 3651 κατ·
985 3601 1045 3663 (om.
1058 3593 1098 3660 δέ)
1117 3597 1254 3650 obliterata

181 3664 241 3715 rest.
254 3661 291 3714 Ν2
308 3663 393 3728 spatio
406 3663 522 3728 largiore.
545 3693 577 3701 -
600 3667 615 3718 3
634 3659 830 3735 ἀποπέφαγκεν
847 3665 893 3718 ΑΝ
911 3695 945 3706 -
962 3669 1008 3718 καί
1025 3659 1062 3717 ιότ
1078 3666 1163 3733 Apu,
1188 3681 1253 3720 corr.

181 3729 224 3796 Μ,
241 3745 324 3784 ....ε
341 3731 424 3796 Νρτ,
441 3733 486 3781 καὶ
502 3731 553 3784 νῦν
571 3731 607 3782 N²
624 3761 657 3770 -
675 3736 692 3785 4
709 3727 866 3802 ἀπέφανται
884 3734 965 3802 Αρκ,
983 3749 1047 3786 corr.
1060 3733 1101 3785 Αἱ.
1121 3763 1155 3772 -
1173 3737 1188 3787 6
1206 3731 1253 3785 ἅλ-

181 3793 250 3861 lma,-
268 3803 287 3850 t.
308 3825 343 3836 -—
365 3803 379 3851 7
397 3796 480 3865 μένοι
496 3801 519 3850 A
536 3815 589 3866 pn,
613 3816 677 3854 corr.
694 3801 729 3850 A¹
747 3830 779 3839 —
797 3799 926 3870 φαντρόει
952 3801 989 3854 ῶτ
1012 3803 1192 3868 superscripsit
1208 3803 1253 3855 ΑΙ.

180 3893 213 3902 -
232 3869 247 3919 8
265 3869 521 3952 κεχρηματισμένος·
540 3872 558 3919 t.
577 3895 607 3906 -
624 3871 639 3921 9
656 3865 849 3936 ι’ποσχόμενοτ.
867 3874 885 3922 ι,
904 3870 1025 3935 -16,3
1043 3865 1141 3922 τούτου
1152 3870 1253 3923 Relske.

180 3959 213 3970 —
231 3937 248 3987 4
265 3933 376 4004 πράξειε
393 3936 416 3985 Α
433 3950 483 4000 pn,
507 3950 571 3990 αυττ.
589 3934 631 3989 Αἱ.
650 3963 683 3974 -
704 3938 720 3989 6
738 3931 753 3989 ὁ
771 3937 794 3989 N
812 3953 859 4004 pr„
882 3931 913 3988 ού
930 3937 974 3990 N’.
996 3967 1030 3976 -
1055 3941 1086 3991 10
1104 3939 1144 3994 tit.
1162 3954 1212 3991 om.
1231 3938 1254 3990 A

180 4000 249 4053 nulla
267 4003 366 4054 lacuna.
385 4002 476 4067 -17,
496 4006 509 4057 1
528 3998 542 4055 δ
562 3998 627 4070 δημ-
644 4005 674 4056 Α.
