2882 4554
190 233 231 290 44
639 231 820 314 Δεισιντον

191 401 367 486 ἐτόλμησεν
398 401 445 479 εἷς
473 401 550 478 τούς
581 399 709 478 εἰδότας
742 395 828 483 ύμᾶς
862 398 1107 485 ἐξεληλεγμένον
1144 398 1262 464 ἑαυτὸν
1287 409 1290 416 ’

192 501 301 570 άπασι
322 503 454 582 τούτοις
477 503 588 586 ἐ’νοχον
610 503 819 590 γεγενημένον
843 501 957 569 ἒλθεῖν
979 506 1035 568 καλ
1058 501 1163 580 δεῖξαι
1186 500 1262 567 λαυ-
1346 585 1349 592 Ι

192 602 259 684 τόν,
284 603 321 669 ού
343 608 388 691 τῷ
405 608 520 690 δικαίῳ
535 605 711 681 πιστεύων,
736 593 762 669 ὦ
778 600 958 690 Ἀθηναῖοι
973 641 1015 651 -
1029 601 1064 669 τί
1076 605 1138 687 γάρ
1154 601 1262 688 τούτῳ

193 705 400 795 δικαιοσύνης
428 714 597 791 μέτεστιν,·
626 746 668 756 -
691 702 774 774 άλλά
796 711 837 796 τῇ
859 707 963 794 τόλμῃ
986 706 1074 794 <καλ>
1102 715 1143 794 τῇ
1167 704 1263 773 άναι-

193 813 281 897 δείφ,
315 805 337 898 ᾗ
368 809 534 895 χριόμενος
567 808 728 896 πρότερον
763 812 822 894 μὲν
855 809 976 899 ἠξίωσε
1008 810 1263 898 καταφρονήσας

192 909 283 994 ύμιῦν
298 919 364 979 ’καὶ
394 917 459 979 τῶν
490 913 523 980 ἐν
552 920 592 1000 τῇ
621 913 722 980 πόλει
744 914 879 980 δικαίων
901 913 943 978 τά
965 911 1116 998 χρήματα
1138 914 1261 995 λαβεῖν,

193 1017 262 1080 νυνὶ
293 1017 328 1080 δὲ
357 1009 647 1101 ἀπολογησόμενος
679 1012 748 1104 ἥκει
777 1011 822 1092 οῖς
854 1012 949 1081 οὐδὲν
983 1014 1108 1080 τούτων
1146 1012 1263 1080 διαπό-

193 1138 354 1202 πρακται·
377 1119 535 1184 τοσοῦτον
551 1120 609 1207 τῆς
624 1112 781 1201 ὑμετέρας
796 1117 964 1203 ῥᾳθυμίας
981 1115 1263 1202 καταπεφρόνηκε.

157 1221 244 1285 4καλ
269 1214 286 1282 ὃ
307 1219 367 1300 μὲν
390 1219 499 1297 κοινός
520 1222 580 1307 τῆς
602 1219 733 1297 πόλεως
756 1219 865 1302 νόμος,
889 1218 946 1284 ἐάν
968 1243 1019 1296 τις
1040 1217 1147 1304 (ἑνός)
1170 1217 1263 1285 ἔναν-

142 1326 264 1385 109τίον
287 1328 352 1386 τοῖν
374 1321 522 1387 πολιτῶν
547 1316 752 1408 ὁμολογήσας
774 1348 808 1387 τι
834 1323 839 1407 Ι
865 1328 1018 1410 παραβῇ,
1052 1328 1169 1386 τοῦτον
1194 1321 1263 1386 ἐ’νο-

192 1446 249 1504 χον
280 1417 363 1489 εἶναι
391 1422 515 1491 κελεύει
543 1427 589 1509 τῷ
620 1419 761 1491 άδικεῖν·
797 1420 814 1488 ὁ
846 1425 883 1492 δὲ
910 1425 1037 1502 πάντας
1062 1420 1264 1509 Ἀθηναίους

194 1523 405 1609 ἐξηπατηκώς
433 1526 488 1593 καὶ
517 1526 662 1609 προδούς
691 1526 749 1612 τὴν
779 1533 894 1593 πίστιν
922 1524 961 1612 ἣν
983 1523 1069 1610 παρ’
1093 1522 1183 1610 ὖμσῖν
1207 1520 1265 1592 ούκ

195 1624 287 1706 άξιος
309 1621 354 1693 άλν
378 1629 484 1713 ἔλαβε,
507 1631 560 1694 καὶ
583 1652 621 1693 το
645 1623 726 1694 καθ’
752 1627 851 1696 αύτδν
872 1627 971 1712 μέρος
996 1625 1120 1695 ἅπαντ’
1146 1627 1265 1696 ἀνατε-

193 1727 328 1814 τραφυλς
351 1730 392 1796 τὰ
414 1729 448 1797 ἒν
471 1734 509 1816 τῇ
532 1730 646 1810 πόλει,
678 1723 775 1810 οὗτος
804 1731 860 1798 ἐπὶ
887 1732 945 1820 την
969 1725 1152 1816 άπολογίαν
1175 1727 1263 1820 ἥκειν

195 1831 295 1920 φησει
323 1829 382 1920 την
409 1827 494 1916 ὑπὲρ
523 1841 580 1918 τῆς
608 1833 717 1912 αἰτίας
746 1841 804 1922 τῆς
833 1833 878 1911 εἰς
910 1828 1009 1899 αὑτὸν
1036 1839 1264 1921 γεγενημένηςς

159 1933 256 2017 5έγὼ
277 1935 329 2014 δὲ,
365 1923 575 2019 υλάνδρες,
610 1935 639 2002 εἰ
662 1936 713 2002 δεῖ
732 1931 864 2022 τάληθῆ
887 1937 990 2021 λέγειν
1017 1974 1058 1984 —-
1081 1937 1132 2002 δεῖ
1155 1937 1190 2001 δέ
1211 1974 1263 2017 -,

194 2031 270 2101 ούδέ
297 2034 356 2113 τὰς
385 2033 577 2123 ἀποφάσεις
604 2031 698 2119 οἶμαι
721 2045 776 2102 νῦν
800 2035 989 2120 κρίνεσθαι,
1020 2036 1162 2119 πότερον
1185 2032 1266 2124 άλη-

193 2142 270 2215 θεῖς
299 2138 382 2204 είσιν
412 2131 431 2226 ἢ
460 2140 595 2222 ψευδεῖς
630 2139 665 2205 αἱ
695 2139 778 2206 κατά
810 2140 1011 2217 Φιλοκλέους
1043 2138 1263 2226 γεγενημέναι,

195 2232 277 2305 άλλά
300 2243 376 2322 περὶ
399 2239 525 2326 μόνης
547 2243 606 2328 τῆς
628 2248 789 2325 τιμωρίας
812 2237 895 2324 ύμάς
919 2241 987 2308 δεῖν
1008 2248 1066 2327 της
1090 2241 1122 2307 έν
1137 2244 1184 2327 τῷ
1200 2254 1265 2328 ψη-

195 2347 338 2428 φίσματι
360 2342 582 2430 γεγραμμένης
606 2343 739 2410 δικάσαι
763 2353 835 2428 νῦν,
866 2345 993 2428 πότερα
1020 2347 1071 2411 δεῖ
1091 2344 1264 2431 χρημάτων

194 2451 334 2532 τιμῆσαι
360 2447 407 2532 τῷ
436 2447 613 2530 τηλικαῦτα
643 2441 813 2536 ἠδικηκότι
840 2449 898 2537 τὴν
928 2446 1044 2528 πόλιν,
1078 2441 1099 2535 ἢ
1126 2445 1265 2533 θανάτφ

197 2546 432 2629 ζημιώσαντας,
457 2544 570 2635 ὥσπερ
590 2542 686 2629 οὗτος
703 2551 845 2635 ἔγραψεν
860 2551 893 2616 ἐν
909 2557 957 2636 τῷ
971 2556 1164 2637 ψηφίσματι
1180 2543 1263 2615 καθ’

195 2646 322 2726 ἑαυτοῦ,
347 2650 527 2735 δημεῦσαι
548 2651 606 2738 τὴν
630 2649 745 2718 οόσίαν
768 2650 825 2740 την
849 2652 882 2718 ἒκ
906 2652 1066 2718 τοιούτων
1089 2649 1267 2738 λημμάτων

195 2751 448 2837 συνειλεγμένην.

158 2855 187 2917 6·
285 2852 411 2920 Οῖεσθε
439 2863 555 2921 τοῦτον
584 2859 640 2921 νύν
669 2864 804 2939 πρῶτον
827 2856 884 2923 έπλ
906 2854 1032 2921 τούτων
1055 2858 1119 2922 τῶν
1141 2851 1267 2940 χρημά-

194 2981 260 3020 των
283 2953 428 3041 πονηρδν
450 2959 658 3043 γεγενῆσθαι,
683 2951 704 3045 ἢ
725 2961 782 3024 νύν
804 2965 938 3042 πρῶτον
961 2955 1044 3024 καθ’
1060 2954 1152 3041 ύμυῖν
1175 2957 1266 3040 δῶρα

196 3055 367 3142 εἰληφέναι
375 3087 386 3140 ,·
411 3055 469 3124 ούκ
492 3059 562 3124 ἔστι
584 3063 697 3138 ταῦτα,
721 3057 805 3125 άλλά
825 3060 931 3127 πάλαι
946 3067 1096 3136 τοιοῦτος
1112 3051 1157 3123 τόν
1174 3057 1265 3124 ἒλάν·

194 3164 297 3224 θανεν
320 3155 419 3241 ύμᾶς,
443 3163 496 3228 καλ
520 3158 747 3250 εύτυχήκαθ’
773 3159 826 3229 ότι
850 3157 907 3230 ούκ
929 3164 962 3231 έν
986 3158 1114 3246 μείζοσι
1135 3171 1264 3245 καιροῖς

241 3366 289 3428 ’3,
309 3369 324 3417 2
348 3367 384 3419 sic
401 3365 464 3419 τούι
481 3363 587 3420 εἰδότας
604 3370 630 3420 in
647 3385 696 3421 ras.
715 3369 758 3422 ΑΙ.
781 3399 815 3408 -
838 3373 855 3422 4
877 3356 978 3422 δἈθ.
997 3385 1046 3422 om.
1064 3370 1107 3420 Αί.
1131 3397 1165 3406 -
1188 3371 1203 3420 5
1221 3371 1267 3419 καὶ

195 3434 252 3487 add.
270 3435 313 3488 Αἵ.
338 3465 371 3472 -
394 3435 421 3498 4,
443 3440 454 3488 1
480 3433 540 3487 §vac
556 3437 615 3490 add.
633 3437 718 3501 Blass‚
743 3443 803 3504 post
824 3438 862 3490 ίν.
880 3437 1012 3489 addiderat
1029 3436 1108 3490 Bake.
1131 3466 1164 3476 ·-
1186 3438 1201 3488 3
1224 3435 1266 3499 τῷ

194 3499 291 3568 άδινίφ
311 3504 398 3556 Cobet.
418 3532 451 3543 -
473 3507 490 3556 4
507 3497 571 3571 ύμῖν
588 3506 610 3556 Α
629 3521 679 3571 pn,
701 3521 764 3558 corr.
784 3505 825 3557 A&
847 3534 881 3544 —
904 3509 918 3556 ’ί
938 3499 1036 3557 αύτδνε
1061 3520 1124 3556 corr.
1143 3503 1214 3556 Turr.
1232 3531 1268 3542 -

194 3571 220 3635 ὓ,
240 3576 251 3625 1
274 3559 458 3637 ιδἈθηναῖοι
482 3571 512 3624 N.
532 3602 564 3610 -
584 3575 599 3624 2
617 3569 648 3624 οὗ
665 3573 713 3626 τὰς
736 3575 795 3626 mal.
813 3571 942 3625 Maetzner
965 3603 1000 3612 —-
1021 3569 1157 3642 πρότερον
1179 3573 1267 3638 Αρι,

195 3655 258 3690 corr.
277 3641 318 3692 A¹.
343 3670 375 3678 —
399 3645 416 3694 4
436 3641 502 3706 μὲνε
526 3655 589 3693 corr.
608 3641 702 3694 Reiske
721 3671 752 3679 -
771 3637 814 3693 δεῖ
830 3642 851 3692 Α
869 3657 919 3707 pr„
944 3657 1008 3694 corr.
1026 3641 1061 3693 A!
1079 3671 1111 3678 —
1136 3643 1191 3693 τοῖε

194 3711 388 3790 γεγραμμένοις
405 3709 485 3828 Agr„
504 3723 567 3762 corr.
580 3710 622 3761 Αἱ.
641 3739 673 3749 -
692 3713 707 3763 6
725 3706 777 3776 τὴν
796 3706 876 3762 πόλιν
894 3726 944 3763 om.
962 3710 1044 3776 Apr.‚
1062 3724 1126 3764 corr.
1138 3709 1181 3760 A¹.
1201 3737 1232 3746 -
1250 3709 1266 3760 8

195 3794 278 3826 αυτου
297 3776 330 3827 λι
346 3772 415 3841 -ἢ
449 3777 577 3844 ημεύοαιε
596 3793 660 3830 corr.
679 3777 773 3830 Reiske
792 3807 824 3816 -
842 3774 950 3830 τούτων
968 3777 989 3827 Α
1008 3794 1058 3844 pr„
1085 3793 1149 3828 corr.
1167 3776 1211 3830 A1.
1232 3803 1267 3814 -

194 3843 221 3905 6,
240 3847 256 3896 4
272 3836 376 3908 εύτύχει
393 3840 460 3909 (ηύτ.
479 3845 510 3910 Α)
527 3840 642 3896 καθότιι
662 3861 725 3898 corr.
735 3846 831 3912 Vogel,
854 3842 993 3910 ηύτυχεῖτε
1009 3841 1112 3896 καθότι
1130 3850 1153 3906 t,
1179 3843 1267 3896 Schol.

194 3911 237 3964 Ar.
257 3912 319 3979 Equ.
341 3916 405 3967 1299
424 3917 450 3965 ελ
468 3912 538 3966 Suid.
557 3928 578 3964 s.
596 3910 809 3966 πυνθάνεσθαιε
832 3909 965 3978 εὐτυχεῖτε
988 3907 1034 3964 ότι
1051 3909 1099 3963 ούνι
1118 3911 1148 3963 έν
1162 3914 1268 3979 μείζονι

195 3980 282 4050 καιρῷ
300 3977 445 4033 ἐπύθεσθε
461 3979 513 4048 τὴν
532 3975 615 4033 αύτοῖι
634 3977 860 4051 αἰσχροκέρδειαν.
