2882 4554
494 241 578 295 ΚΑΤΑ
595 241 846 298 ΔΗΜΟΣΘΕΝΟΥΣ.
1169 241 1207 300 11

139 422 228 497 ριῖτο
251 410 310 490 τὰς
332 407 414 495 ύπὲρ
438 413 497 477 τού
520 409 626 496 δήμου
649 409 803 495 πράξεις·
826 409 891 498 έφη
907 409 1013 498 τούτῳ
1027 414 1210 498 Δημοσθέ-

139 538 195 600 νης
218 515 317 601 φίλος
340 507 442 580 εἶναι·
472 511 562 602 (καὶ)
584 505 680 590 οὗτος
703 508 866 580 ἀπώλετο.
910 516 964 580 καί
986 506 1088 581 ταῦθ’
1114 511 1208 597 ύμεῖς

117 675 120 684 .
140 611 280 700 ὁρῶντες
301 615 356 682 καὶ
377 615 595 697 ἐπιστάμενοι
609 611 696 681 πολύ
711 614 841 699 βέλτιον
856 606 877 701 ἢ
892 611 954 698 έγοῖ
969 611 1007 680 ού
1024 614 1206 699 λογίζεσθε,

137 713 176 784 ού
193 722 378 786 σκοπεῖσθε
390 714 475 802 πρός
487 713 571 800 ύμάς
583 711 709 796 αύτούς,
725 714 975 801 τεκμαιρόμενοι
990 713 1032 782 τά
1046 716 1208 799 μέλλοντα

139 821 173 886 έκ
187 821 253 885 τοῖν
267 817 496 904 γεγενημένων,
520 814 574 885 ότι
589 813 684 887 ούδέν
705 812 802 896 οὗτος
822 816 980 904 χρήσιμος
1002 811 1114 907 ἀλλ’ἢ
1136 823 1208 898 τοῖς

137 921 272 1007 ἐχθροῖς
294 921 377 989 κατὰ
394 923 451 1008 τῆς
466 919 597 1000 πόλεως
604 949 616 1004 ,·
639 920 739 1006 (πότε
760 919 821 1004 γὰρ
844 912 885 987 ἀν
907 920 1041 1008 οῖεσθε>
1062 923 1259 1006 συστῆ-34

136 1049 202 1089 ναι
220 1021 446 1111 κατασκευὴν
459 1022 572 1107 ἑτέραν
587 1021 643 1089 οἵα
660 1018 719 1088 ἐπ’
731 1019 896 1105 ’Ἀγιδος
912 1021 1046 1107 ἐγένετο,
1065 1018 1206 1090 ότεΛα-

135 1124 340 1207 κεδαιμόνιοι
367 1126 426 1208 μέν
456 1121 601 1202 ἅπαντες
630 1121 897 1208 ἐξεστράτευσαν,
931 1120 1059 1207 ’Λχαιοῖ
1089 1124 1125 1192 δὲ
1152 1126 1206 1191 καί

135 1222 258 1295 Ἠλεῖοι
278 1229 344 1294 τοῖν
367 1225 569 1312 πραγμάτων
593 1224 794 1307 ἐκοινώνουν,
817 1221 964 1313 ύπῆρχσν
988 1225 1024 1294 δὲ
1044 1227 1131 1306 ξένοι
1145 1225 1207 1310 μύ-

135 1354 214 1412 ριοι,
240 1328 456 1413 Ἀλέξανδρος
480 1330 525 1407 δέ,
554 1323 599 1406 οῖς
622 1329 654 1395 οῖ
676 1327 834 1413 λέγοντες,
863 1327 896 1396 έν
915 1321 1029 1407 Ἰνδοῖς
1050 1317 1099 1408 ἀν,
1126 1324 1145 1414 ἦ
1170 1329 1206 1395 δὲ

132 1427 244 1510 Ἑλλὰς
273 1431 390 1498 ἅπασα
421 1429 478 1498 διά
498 1429 576 1510 τούς
598 1431 632 1499 έν
655 1431 773 1518 ἑκάστῃ
796 1439 862 1498 τῶν
885 1431 1015 1499 πόλεων
1037 1429 1206 1516 προδότας

135 1528 303 1621 ἀχθομένη
327 1543 399 1612 τοῖς
413 1541 561 1618 παροῦσι
575 1533 766 1620 πράγμασιν
782 1527 917 1623 ἠσμένει
931 1531 1116 1619 μεταβολήν
1130 1558 1206 1600 τινα

133 1638 199 1702 τοῖν
222 1638 327 1703 κακοῖν
349 1643 415 1702 τοῖν
437 1636 701 1724 παρεστηκότων.
746 1643 780 1704 τί
802 1625 877 1719 οάνς
911 1637 945 1704 έν
973 1634 1104 1715 τούτοις
1132 1640 1204 1714 τοῖς
1215 1640 1255 1705 35

133 1743 261 1824 καιροῖς
282 1738 504 1825 Δημοσθένης
526 1746 576 1817 τίς
597 1729 646 1826 ἦν,
670 1735 688 1805 ὁ
711 1741 770 1807 τού
793 1740 1036 1824 συμβουλεῦσαι
1056 1737 1112 1806 καῖ
1126 1737 1206 1825 γρό-

133 1852 200 1926 ψαι
222 1840 332 1926 κύριος
358 1844 412 1908 καὶ
437 1841 555 1930 φήσων
579 1840 696 1908 αὐτίκα
719 1841 758 1928 δὴ
781 1845 892 1924 μισεῖν
914 1841 955 1908 τὰ
977 1839 1205 1927 καθεστηκότα

131 1942 331 2029 πράγματα,
362 1943 406 2010 ἀοῖ
427 1943 489 2029 γάρ
511 1943 590 2023 τοῖς
612 1941 732 2022 ἀλλους
754 1942 957 2032 [κινδύνους].
1002 1942 1150 2028 ἔγραψάς
1171 1968 1204 2010 τι

132 2044 395 2128 περὶτούτων
420 2043 619 2134 [κινδύνων],·
643 2044 920 2130 συνεβούλευσαςς
943 2044 1105 2128 ἐπόρισας
1125 2043 1206 2133 χρή-

131 2171 238 2231 ματος
270 2148 386 2234 μικρόν
415 2173 448 2216 τι
473 2144 635 2236 χρήσιμος
663 2147 775 2233 έγένου
805 2161 877 2226 τοῖς
907 2143 991 2232 ύπὲρ
1014 2150 1073 2235 τῆς
1094 2149 1205 2234 κοινῆς

130 2256 296 2334 σωτηρίας
317 2249 540 2334 πράττουσιν,·
574 2245 648 2317 οὔδ’
674 2245 794 2335 ὁτιοῦν,
824 2244 910 2317 ἀλλὰ
931 2249 1082 2338 περιῄεις
1104 2274 1204 2316 κατα-

129 2348 294 2432 σκευάζων
317 2351 525 2437 λογοποιούς,
547 2351 602 2419 καὶ
629 2352 715 2438 παρ’
733 2349 821 2440 αύτηῖ
844 2352 980 2439 γράφων
1002 2351 1203 2430 ἐπιστολάς

129 2456 183 2521 καί
206 2454 430 2537 καταισχύνων
452 2450 511 2542 τήν
533 2461 592 2538 τῆς
618 2454 750 2534 πόλεως
773 2455 870 2535 δόξαν
893 2455 928 2522 ἐκ
950 2463 1016 2523 τοῖν
1034 2453 1202 2521 δακτύλων

130 2555 342 2640 ἀναψάμενος
365 2555 638 2641 περιεπορεύετο,
668 2564 803 2642 τρυφῶν
833 2554 867 2623 έν
896 2559 969 2635 τοῖς
990 2563 1047 2644 τῆς
1070 2555 1201 2634 πόλεως
1211 2563 1251 2626 36

129 2669 250 2740 κακοῖς,
271 2662 328 2726 καί
349 2659 406 2726 ἐπὶ
430 2665 567 2746 φορείου
590 2658 886 2743 κατακομιζόμενος
908 2659 967 2746 τὴν
989 2659 1037 2738 εἷς
1054 2663 1201 2742 Πειραιοῖ

129 2756 217 2841 ὁδόν,
241 2761 296 2828 καὶ
310 2761 370 2840 τὰς
384 2764 449 2828 τοῖν
465 2761 615 2849 πενήτων
632 2759 779 2847 ἀπορίας
795 2755 973 2843 ἀνειδίζων.
1007 2755 1078 2828 εἷθ’
1103 2749 1201 2841 οὗτος

128 2863 174 2942 εἷς
196 2862 273 2943 τούς
294 2864 474 2947 μέλλοντας
495 2860 575 2949 ύμῖν
597 2865 731 2950 καιρούς
754 2864 847 2932 έσται
861 2864 1029 2951 χρήσιμος,
1052 2871 1201 2949 παραβε-

128 2966 234 3051 βηκώς
263 2962 415 3046 ἅπαντας
441 2967 518 3046 τούς
547 2967 841 3054 παρεληλυθότας,·
876 2966 1052 3047 τοιούτων,
1090 2952 1118 3032 οῖ
1146 2966 1199 3033 δέ·

197 3175 212 3224 5
230 3175 275 3222 καί
293 3171 349 3224 εδδ.
368 3171 471 3237 Reiske,
493 3187 542 3226 om.
561 3175 572 3223 ί
589 3201 623 3210 -
640 3168 705 3240 ὑμῖν
720 3174 743 3225 Α
761 3189 807 3241 pr„
826 3189 890 3225 corr.
908 3173 951 3224 Αἱ.
968 3199 1002 3210 -
1020 3175 1036 3225 6
1054 3167 1150 3224 ποίέοί
1168 3171 1199 3237 Ν,

128 3236 199 3293 πολὺ
217 3240 395 3306 superscripsit
412 3240 456 3294 N2.
478 3269 511 3277 -
533 3239 580 3305 34,
600 3243 612 3292 1
631 3237 735 3294 πόλεως
752 3243 885 3306 συστῆσαι
902 3240 958 3292 libr.
977 3244 1000 3303 t,
1022 3239 1140 3292 lacunam
1157 3240 1200 3292 hic

127 3307 178 3360 ind.
195 3305 332 3371 Nsetzner,
355 3312 414 3372 post
437 3308 543 3379 ἐγένετο
562 3308 677 3376 Sauppe,
698 3308 762 3378 (καὶ
784 3304 850 3363 πότ’
870 3301 905 3360 ἀν
922 3307 1033 3375 οίισθο)
1051 3307 1200 3362 Grsffunder

126 3405 161 3414 —
178 3373 323 3437 συστῆσαιι
347 3374 379 3426 δε
396 3391 453 3428 meo
471 3377 576 3428 mutavi.
596 3405 629 3415 -
647 3380 662 3429 2
680 3373 854 3445 παρασκευὴν
871 3376 903 3440 Ν,
921 3376 953 3428 cf.
973 3376 991 3427 C
1012 3393 1037 3444 p.
1056 3380 1080 3429 7.
1098 3406 1132 3414 —
1150 3371 1196 3428 ἐπ’

128 3440 202 3513 αἰγὸς
218 3441 289 3494 ANt:
312 3457 377 3495 corr,
395 3442 553 3511 wesseling.
577 3447 688 3516 ίναγχοτ
713 3445 800 3497 Cobet
825 3473 859 3483 ·-
887 3448 902 3498 5
924 3439 962 3496 οῖτ
978 3442 1006 3495 οἱ
1026 3440 1141 3508 ἀχιστα
1159 3440 1199 3494 M

125 3526 221 3582 γοντα
237 3509 336 3575 Baiter,
359 3509 418 3562 coll.
436 3511 511 3565 lsocr.
528 3511 570 3578 lX,
589 3515 636 3578 28,
657 3513 700 3564 slii
718 3513 781 3578 alia,
803 3513 848 3565 sed
867 3513 900 3564 εί.
919 3512 1009 3578 [Dens]
1060 3513 1088 3578 ll,
1106 3513 1147 3564 36.
1165 3537 1199 3548 -

127 3578 219 3632 evah
235 3596 275 3631 πα
294 3574 451 3643 εστηκότων
467 3580 559 3632 κακοῖν
576 3579 607 3633 N.
630 3609 665 3620 -
686 3579 732 3645 35,
750 3584 765 3634 3
787 3584 884 3648 μηστῖν
901 3581 924 3632 A
941 3597 992 3648 pn,
1015 3595 1079 3634 corr.
1098 3578 1141 3630 A1.
1164 3606 1199 3616 -

126 3652 183 3701 ίκ.
204 3646 254 3700 del.
287 3646 373 3711 ranke,
392 3662 457 3702 serv.
475 3653 493 3698 t.
511 3677 543 3686 -
563 3652 578 3702 5
596 3665 644 3700 του
662 3651 722 3701 τῶν
738 3649 769 3712 Α,
846 3649 905 3701 τῶν
922 3649 945 3702 N
963 3652 1025 3714 (tres
1042 3648 1081 3699 lit.
1100 3648 1197 3713 erasse)

125 3743 159 3756 —
177 3735 201 3767 κ.
220 3714 270 3767 del.
288 3713 397 3780 Bekker‚
414 3712 522 3767 τούτων
539 3716 598 3768 τοῖν
616 3736 638 3768 κ.
654 3717 741 3770 Wurm
759 3721 778 3770 t.
795 3746 829 3755 —
848 3722 862 3770 ’ί
881 3735 960 3785 περι.
971 3753 977 3768 .
988 3732 1017 3768 ,τ
1033 3716 1115 3781 Npr.,
1133 3730 1197 3768 corr.

125 3781 168 3846 N¹,
186 3776 292 3854 περιῄει
307 3782 414 3835 Franks.
432 3812 466 3820 —
484 3785 500 3836 8
518 3777 593 3835 αύτοῖ
610 3784 633 3836 N
650 3814 683 3823 -
704 3780 864 3851 ἐπιστολὴνε
883 3801 946 3838 corr.
959 3783 1041 3850 Blass,
1059 3783 1092 3837 cf.
1104 3783 1197 3836 Aesch.

125 3850 234 3915 111‚164,
251 3846 430 3918 έπιστοίὴν,ί
447 3879 481 3890 -
498 3855 544 3902 καὶ
561 3848 631 3921 παρ’
647 3847 722 3918 αὐτῷ
737 3849 880 3923 γιγραφδτ
896 3847 1044 3916 ἐπιστολὴν
1058 3851 1197 3916 Muenna,

126 3919 170 3985 qui
189 3933 218 3970 ea
236 3920 313 3971 verba
332 3924 391 3986 post
408 3914 493 3981 δόξαν
510 3921 572 3986 poni
588 3920 667 3973 iubet.
685 3949 719 3961 -
736 3925 752 3975 9
770 3917 863 3985 δόξαν,
881 3925 899 3974 t.
918 3947 952 3958 —
968 3917 1043 3986 36st
1062 3924 1156 3990 φορίου
1173 3919 1196 3972 Ν

124 3993 159 4025 ’-
176 3985 206 4036 έιι
223 3987 304 4054 App,
322 3987 358 4040 τῖτ
375 3988 401 4039 in
419 4003 505 4040 rasura
523 3987 581 4042 A¹N
586 3988 601 4040 ¹.
619 4015 653 4028 -
671 3991 686 4041 5
705 3985 836 4042 δέσποινα
853 3988 885 4042 N.
