2882 4554
202 241 247 300 26
653 240 837 294 ΔΕΙΝΑΡΧΟΥ

290 414 382 495 Λέγε
416 403 457 496 δή
491 409 594 475 πάλιν
631 407 648 474 ό
677 414 899 496 Δημοσθένης
926 408 1009 476 κατὰ
1036 414 1279 497 Δημοσθένους

206 512 341 599 ἔγραψε.
383 515 570 596 προσέχετε,
595 496 622 578 ὦ
645 508 771 596 άνόρες.

642 617 842 705 mmmm.

156 825 196 888 84
287 815 331 884 ‘H
348 819 450 906 βουλή
475 815 586 902 εύρηκε
606 824 839 906 Δημοσθένην.
871 825 905 887 τί
927 820 978 886 δεῖ
999 820 1132 884 πολλῶν
1155 817 1279 903 λόγωνς

154 936 196 986 101
206 915 457 1006 ἀποπέφαγκεν,
489 909 724 1008 ὦἈθηναῖοι.
768 920 806 986 τό
834 921 894 1002 μὲν
921 920 1032 987 τοίνυν
1056 918 1182 986 δίκαιον
1206 922 1212 1007 Ι
1238 912 1278 1007 ήν

205 1018 268 1109 ὑφ’
292 1022 410 1090 ἑαυτοῦ
431 1022 618 1105 κεκριμένον
642 1017 744 1102 εὐθύς
765 1017 1009 1112 άποθνήσκειν·
1034 1019 1149 1108 ἐπειδή
1173 1020 1206 1087 δ’
1232 1023 1279 1103 εἰς

203 1125 264 1204 τός
285 1121 443 1209 ύμετέρας
466 1121 538 1212 ήκει
563 1136 689 1208 χεῖρας,
724 1129 803 1192 τῶν
832 1122 916 1209 ὑπὲρ
947 1128 1005 1192 τού
1034 1126 1139 1215 δήμου
1170 1149 1279 1193 συνει-

204 1230 391 1312 λεγμένων
412 1230 465 1295 καὶ
489 1235 544 1294 τῶ
552 1256 570 1295 ν
593 1224 841 1311 ὀμωμοκότων
864 1234 1054 1295 πείθεσθαι
1075 1238 1148 1306 τοῖς
1163 1227 1278 1310 νόμοις

203 1331 257 1396 καὶ
279 1339 351 1408 τοῖς
372 1332 432 1396 τού
455 1328 558 1416 δήμου
589 1337 796 1417 ψηφίσμασι,
821 1337 855 1396 τί
877 1330 1055 1418 ποιήσετες
1084 1329 1279 1415 προήσεσθε

202 1430 261 1516 τήν
283 1430 369 1514 πρός
390 1431 468 1512 τοὺς
490 1430 593 1509 θεοὺς
616 1427 784 1517 εύσέβειαν
813 1435 868 1499 καὶ
897 1433 939 1498 τά
971 1431 1064 1516 παρὰ
1093 1436 1197 1498 πᾶσιν
1220 1427 1277 1497 άν-

153 1535 358 1618 85θριύπσις
381 1536 492 1602 δίκαια
514 1534 731 1618 νομιζόμενος
764 1533 824 1621 μή,
855 1523 1096 1622 ὦἈθηναῒσι,
1126 1534 1189 1620 μή·
1225 1532 1277 1600 αἰ-

202 1636 299 1721 σχρὸν
322 1634 383 1722 γάρ
405 1636 460 1704 καὶ
484 1637 591 1703 δεινόν
614 1636 745 1722 ἑτέρους
772 1637 831 1720 μὲν
853 1636 921 1704 ύπό
947 1644 1014 1702 τῶν
1035 1636 1277 1722 Δημοσθένους

202 1739 446 1826 ψηφισμάτων,
476 1740 571 1806 οὐδὲν
600 1738 698 1818 ὄντας
726 1740 845 1806 τούτου
873 1748 1002 1824 χείρους
1031 1737 1107 1809 οὐδὲ
1134 1736 1273 1806 τοσαῦτ’

202 1836 397 1928 ήόικηκότας
421 1839 485 1908 όσα
507 1869 572 1927 περ
588 1837 695 1922 οὗτος,
720 1842 940 1924 ἀπολωλέναι,
964 1845 1094 1909 τουτονὶ
1118 1843 1155 1911 δὲ
1176 1867 1277 1909 κατα-

203 1947 388 2031 φρονοῦντα
410 1941 503 2028 ὖμῶν
531 1944 588 2012 καὶ
609 1949 675 2013 τῶν
697 1943 807 2028 νόμων
831 1941 1037 2032 ἀτιμώρητον
1061 1945 1094 2012 ἐν
1115 1947 1155 2032 τῇ
1178 1944 1277 2011 πόλει

201 2053 381 2132 περιιέναι,
417 2046 516 2115 αὐτόν
553 2042 614 2135 ὑφ’
647 2049 766 2116 ἑαυτοῦ
793 2049 849 2116 καὶ
877 2056 943 2114 τῶν
973 2047 1200 2135 ψηφισμάτων
1230 2040 1276 2113 τόν

202 2151 345 2235 ἔγραψεν
374 2149 552 2218 ἑαλωκότα.
596 2150 722 2218 ταύτό
751 2151 790 2217 τό
821 2153 989 2234 συνέδριον
997 2201 1006 2231 ,
1038 2136 1274 2236 άἈθηναῖοι,

153 2256 193 2320 86
203 2255 258 2318 καλ
281 2248 298 2318 ό
322 2250 421 2332 αύτός
442 2251 558 2333 τόπος,
581 2252 637 2321 καὶ
657 2250 761 2320 ταύτὰ
783 2250 825 2320 τά
848 2255 968 2322 δίκαια.
1007 2249 1025 2322 ό
1045 2251 1145 2332 αύτός
1167 2250 1274 2342 ῥήτωρ

202 2351 338 2435 ἐκείνοις
360 2382 396 2423 τε
418 2357 526 2435 αἴτιος
548 2355 675 2439 ἐγένετο
697 2360 763 2423 τῶν
780 2356 974 2443 συμβάντων
989 2360 1094 2424 κακῶν
1115 2359 1168 2423 καὶ
1185 2352 1274 2439 αύτῷ

201 2466 268 2524 τῶν
290 2461 346 2526 νῦν
369 2463 635 2546 συμβησομένων.
674 2458 855 2544 ἐπέτρεψεν
878 2458 920 2541 [ό]
942 2453 1040 2538 αύτὸς
1062 2452 1159 2536 οὗτος
1178 2457 1210 2524 ἐν
1226 2459 1274 2544 τῷ

85 2617 90 2625 ,
202 2560 296 2648 δήμῳ
323 2569 371 2648 τῷ
400 2560 559 2648 συνεδρίῳ
586 2560 693 2649 τούτῳ
722 2572 830 2648 κρῖναι
860 2567 937 2644 περὶ
961 2559 1076 2641 αότού,
1106 2560 1275 2646 μάρτυρας

201 2659 286 2744 ύμάς
308 2670 544 2749 πεποιημένος.
583 2666 682 2732 ἔθετο
704 2665 872 2755 συνθήκας
886 2661 970 2747 μετά
983 2667 1042 2731 τοῦ
1058 2661 1172 2749 δήμου,
1196 2665 1275 2748 γρά-

200 2777 271 2850 ψας
299 2763 338 2831 τό
369 2765 531 2855 ψήφισμα
558 2761 640 2834 καθ’
672 2768 805 2848 ἑαυτοῦ,
843 2767 936 2848 παρὰ
970 2765 1028 2855 τήν
1057 2767 1182 2854 μητέρα
1208 2769 1274 2832 τῶν

201 2871 307 2948 θεῶν,
340 2865 361 2956 ἢ
389 2869 524 2936 πάντων
552 2873 618 2936 τῶν
648 2869 684 2938 ἐν
710 2876 782 2949 τοῖς
814 2869 986 2955 γράμμασι
1008 2868 1143 2936 δικαίων
1166 2868 1277 2954 φύλαξ

201 2975 241 3060 τῇ
263 2969 362 3039 πόλει
384 2977 576 3059 καθέστηκε.
620 2972 672 3039 διὸ
694 2974 747 3039 καὶ
771 2970 829 3056 ούχ
852 2971 946 3040 ὅσιον
968 2968 1046 3055 ύμῖν
1068 2972 1138 3038 ἐστι
1153 2970 1275 3051 ταύτας

93 3157 96 3162 ¹
202 3071 341 3158 ἀκύρους
363 3085 488 3156 ποιεῖν,
520 3068 598 3142 ούόὲ
618 3074 696 3155 τοὺς
717 3076 818 3154 θεοὺς
842 3072 1033 3160 ὀμωμοκόσι
1055 3077 1131 3160 περὶ
1154 3074 1275 3162 ταύτης

93 3187 99 3202 “
200 3181 258 3267 τής
280 3185 417 3262 κρίσεως
439 3190 513 3258 ταῖς
535 3171 642 3245 αότῶν
664 3182 729 3245 τῶν
746 3184 838 3245 θεῶν
860 3178 1020 3264 πράξεσιν
1044 3176 1194 3246 ἐναντίον
1216 3176 1274 3264 τήν

269 3382 315 3446 σε,
334 3385 349 3435 ο
367 3371 391 3434 ὦ
408 3398 459 3435 om.
476 3382 508 3435 N.
525 3412 560 3422 -
577 3383 623 3452 ει,
644 3388 652 3437 1
681 3379 706 3436 ε.
724 3383 763 3446 (α.
782 3379 825 3449 δὴ)
847 3381 870 3434 Ν
888 3398 939 3448 pr„
963 3378 1006 3434 ιιι
1021 3381 1065 3435 Νι.
1089 3413 1123 3424 -
1148 3385 1275 3449 nm

200 3452 253 3505 νῦν
271 3450 316 3503 ΝΔ
335 3467 380 3518 pr„
398 3466 462 3503 corr.
479 3450 522 3504 ε’.
540 3479 574 3490 -
592 3455 608 3504 3
626 3448 657 3504 δὲ
674 3451 711 3504 εἰν
728 3452 758 3504 Ν.
778 3479 810 3490 -
829 3454 845 3503 4
862 3445 993 3523 ἡμετέρας
1011 3451 1091 3520 Apta,
1109 3467 1172 3505 corr.
1185 3449 1228 3502 A2.
1240 3479 1275 3488 -

201 3524 255 3576 45
272 3517 335 3573 τσόε
410 3515 627 3589 συνειλεγμένους
644 3524 690 3572 καὶ
704 3517 767 3572 τούε
778 3511 955 3587 ὀμωμοκότας
972 3519 1043 3572 ANt:
1062 3535 1126 3572 corr.
1138 3517 1225 3570 Wurm
1241 3547 1275 3558 -

201 3587 351 3642 πείσεσθαι
368 3587 461 3640 Baiter.
479 3615 512 3626 --
532 3591 546 3640 7
569 3585 631 3641 τοὺς
653 3583 825 3642 άθ....ὀυε
852 3588 891 3652 (λλ
908 3581 1069 3653 ἇθηνιιιουε)
1092 3587 1115 3638 Α
1139 3603 1190 3653 pr..
1214 3583 1275 3639 τούε

202 3654 284 3710 θεοότ
303 3657 344 3708 Αλ.
368 3685 402 3696 -·
425 3655 470 3720 ⁸5,
489 3659 504 3708 5
526 3659 711 3724 περιτόναιον
726 3656 762 3728 τῇ
779 3673 809 3708 π.
828 3656 870 3708 At„
888 3684 921 3693 —
945 3658 1067 3709 Ἰτουτλε
1093 3671 1156 3708 corr.
1176 3654 1274 3707 Dobree

201 3753 237 3766 —
253 3720 286 3778 τό
303 3731 330 3778 et
342 3728 393 3779 v.8
409 3721 445 3776 τά
462 3723 629 3790 (λελίλοόεεε,
646 3741 696 3779 om.
710 3732 721 3777 t
737 3753 772 3764 -·
789 3720 890 3789 δίκαια,
907 3723 986 3793 (καὶ)
1003 3718 1018 3775 ό
1037 3721 1139 3790 Βείελε,
1157 3724 1274 3775 lacunam

201 3802 264 3860 post
281 3788 373 3844 δίκαιοι
396 3800 456 3845 sut
474 3792 609 3846 Maetzner.
634 3823 667 3833 -
691 3794 737 3856 86,
755 3796 772 3847 2
792 3811 823 3845 τε
840 3809 891 3845 om.
910 3793 931 3845 N
956 3821 988 3832 -
1011 3785 1086 3843 αύτοῖ
1105 3795 1126 3844 Α
1147 3807 1191 3856 pn,
1209 3805 1273 3844 σοτε.

201 3861 246 3914 A’.
263 3889 297 3900 ·-
314 3863 330 3913 3
348 3857 363 3914 ἑ
382 3861 431 3914 del.
450 3860 541 3928 Kleyn.
559 3889 593 3900 -
611 3865 628 3914 4
646 3862 728 3913 αυτοῦ
744 3863 814 3927 (εἰεέ)
831 3864 903 3929 Αρε.
921 3860 1003 3927 Νρε,
1026 3875 1091 3911 corr.
1108 3858 1187 3911 A2N‘2.
1204 3862 1273 3912 -5

201 3927 309 4002 γράψας
318 3925 352 3982 τὸ
363 3946 394 4049 φ.
406 3927 477 3982 καθ’
491 3929 588 3982 ἑαυτοῦ
599 3929 706 3982 seclusit
718 3928 837 3982 Ττοεοεῑ.
855 3959 888 3970 -
907 3932 923 3982 6
940 3923 1016 3998 παρὰ
1027 3927 1062 4000 τῇ
1074 3930 1157 3994 μητρὶ
1169 3925 1273 3980 Reiske.

202 4026 235 4038 ·-
255 4001 269 4052 8
288 3998 322 4071 τῇ
340 4017 362 4050 π
379 3994 419 4049 λιι
437 4013 513 4066 supra
531 4014 633 4052 versum
651 3995 708 4049 add.
726 3998 769 4050 Αἱ.
