2882 4554
332 188 458 243 causan:
476 186 677 242 Hxarntlcxa
696 183 883 240 bascharam
902 185 1026 240 BlllllllS.
1168 183 1209 239 llll

145 367 330 440 Grallunder,
353 367 389 427 de
406 365 579 445 Crippsiano
606 373 635 426 et
657 363 820 425 Oxoniensi
835 363 1032 442 Antiphontis,
1061 361 1209 437 Dinarchi,

145 470 272 552 Lycurgi
294 469 459 541 codicibus,
481 467 550 529 diss.
578 467 673 528 Berol.
699 468 795 541 18823
828 465 976 539 Ilertlein,
1005 464 1130 526 hermae
1151 465 1208 527 vol.

143 573 221 647 XIII,
240 577 277 638 13
291 590 352 652 sq.;
376 570 520 644 Gebauer,
541 571 577 631 de
593 570 759 650 argumenti
774 587 809 630 ex
825 577 920 629 contr.
936 568 1047 642 lormis,
1069 567 1208 629 Zwiccav.

147 679 228 742 1877
245 685 274 736 et
285 675 388 756 Lysiae
403 693 447 735 or.
463 674 597 747 selectae,
619 671 688 734 libri
704 672 898 752 Frohberger.
915 672 960 732 ed.
972 670 1008 742 ll,
1024 670 1102 751 Lips.
1118 674 1208 736 1880.

229 778 292 859 Ego
315 778 520 839 anicensium
542 776 600 853 (ed.
621 776 691 837 Tur.
712 776 888 840 1839—43.
912 777 941 837 4.
963 802 1006 824 ==
1026 773 1050 851 t)
1071 773 1208 836 lectioni·

145 882 200 944 bus
222 890 367 962 perpetuo
382 879 520 942 adhibitis
535 899 591 974 ,eos
606 879 697 953 locos,
720 879 771 959 qui
792 878 838 940 vel
859 897 875 938 a
897 877 980 939 libris
1001 878 1209 958 manuscriptis

145 985 289 1046 recedunt
303 984 348 1045 vel
363 984 417 1044 alia
432 983 469 1044 de
484 1001 570 1044 causa
585 981 657 1042 mibi
672 1000 735 1043 esse
751 981 880 1042 incertae
895 979 1058 1060 scripturae
1069 979 1209 1043 videban-

145 1095 204 1161 tur,
220 1087 312 1149 literis
327 1086 453 1148 diductis
468 1085 600 1165 insignes
615 1083 742 1159 reddidi;
766 1102 879 1157 eorum,
895 1102 970 1162 quae
985 1083 1047 1163 ipse
1063 1083 1210 1163 temptavi,

146 1189 272 1251 Hermae
293 1187 494 1250 Berolinensis
516 1187 571 1249 rol.
594 1186 728 1267 proxImo
751 1186 880 1248 rationes
902 1185 1072 1248 redditurus
1092 1203 1166 1248 sum.

231 1339 402 1408 Scribebam
408 1340 592 1402 Vratislaviae
605 1339 734 1426 calendis
747 1339 913 1400 Februariis
921 1337 1209 1400 Moccctxxxvxr.

576 1630 778 1638 m

278 1953 420 2022 causan
441 1951 676 2022 narrationi
698 1952 911 2024 llllSllllIPIIll
933 1952 1075 2021 nauita.

229 2229 383 2310 Harpalus,
406 2230 584 2311 babyloniae
605 2231 782 2309 praefectus,
805 2250 872 2292 curn
889 2230 1087 2292 Alexandrum
1108 2250 1209 2312 regern

144 2330 181 2392 ab
204 2331 393 2410 expeditione
415 2331 516 2393 Indica
538 2351 725 2395 reversurum
749 2333 861 2396 diffisus
882 2334 1015 2395 luxuriae
1044 2342 1074 2394 et
1098 2334 1210 2413 rapinis

143 2453 175 2494 se
197 2435 370 2510 dedidisset,
400 2434 593 2496 Athenienses
621 2436 761 2496 lrnmenti
790 2455 896 2516 magna
922 2437 1012 2517 copia
1029 2436 1137 2497 donata
1159 2437 1210 2498 de-

144 2535 236 2598 vinxit
258 2547 301 2614 et,
331 2537 382 2599 ubi
404 2538 603 2598 Alexandrum
630 2547 747 2616 praeter
775 2537 946 2618 opinionem
975 2537 1086 2599 salvum
1111 2538 1209 2600 redire

144 2641 291 2718 cognovit,
315 2641 430 2720 ingenti
452 2639 578 2721 pecunia
600 2650 630 2701 et
651 2639 901 2701 mercenariorum
923 2659 975 2702 sex
994 2640 1112 2703 milibus
1128 2660 1209 2703 com-

143 2742 252 2818 paratis
280 2743 402 2823 trIginta
427 2744 549 2806 navibus
571 2762 607 2806 ex
630 2743 695 2806 Asia
717 2743 843 2804 Sunium
865 2753 964 2806 vectus
987 2744 1210 2806 Atheniensium

73 2913 75 2917 y
144 2844 252 2905 tutelae
274 2863 338 2906 sese
360 2845 533 2907 mandarit'
553 2845 612 2917 Qui
634 2864 702 2907 cum
723 2846 823 2927 copias
845 2853 941 2908 tantas
962 2845 1046 2908 veriti
1061 2865 1125 2907 eam
1140 2865 1208 2925 pre-

146 2965 210 3006 cem
225 2947 468 3026 repudiarisscnt,
490 2948 631 3010 militibus
646 2949 811 3010 Taenarum
827 2950 968 3023 deductis,
992 2968 1051 3028 quo
1067 2968 1101 3010 ea
1116 2957 1209 3010 aetate

145 3050 324 3111 conducticii
340 3051 539 3124 conlluebant,
562 3051 625 3131 ipse
640 3071 707 3114 curn
723 3053 867 3132 pecuniae
883 3059 965 3131 parte
980 3052 1104 3132 supplex
1120 3052 1209 3113 Athe·

146 3167 198 3210 nas
219 3169 352 3215 reversus
374 3173 390 3214 a
405 3153 516 3234 populo
534 3153 696 3216 admittitur
719 3165 748 3216 et
762 3155 968 3235 largitionibus
982 3155 1077 3217 studia
1092 3155 1208 3229 civium,

144 3251 195 3328 qui
218 3254 294 3332 apud
316 3255 433 3335 plebem
456 3256 627 3317 auctoritate
649 3258 796 3332 valebant,
825 3257 881 3319 sibi
903 3258 1041 3320 conciliat
1062 3269 1149 3337 atqua
1172 3258 1208 3318 ad

143 3354 253 3416 bellum
275 3355 498 3420 Macedonicum
519 3359 631 3420 Incitat.
669 3361 728 3422 Sed
749 3368 906 3440 postquam
928 3380 989 3422 non
1012 3362 1107 3423 solum
1123 3360 1208 3422 Anti·

142 3467 226 3538 pater
247 3468 277 3520 et
299 3459 447 3540 Olympias
468 3480 570 3524 verum
592 3463 679 3524 etiarn
700 3463 858 3524 Alexandri
881 3465 1001 3525 nomine
1017 3464 1206 3536 Philoxenus,

142 3560 227 3622 Asiae
250 3563 426 3643 praelectus,
451 3564 608 3646 harpalum
630 3566 812 3645 expoposcit,
833 3568 961 3647 populus
981 3565 1207 3629 Atheniensium

143 3663 340 3728 Demosthene
357 3675 480 3746 rogante
495 3669 656 3743 constituit,
680 3676 757 3729 utet
778 3669 827 3730 ille
849 3679 878 3731 et
899 3669 1024 3751 pecunia
1047 3669 1130 3735 allata
1152 3689 1207 3750 pu-

143 3764 219 3828 blice
245 3768 473 3846 custodirentur,
503 3770 600 3849 quoad
621 3770 787 3832 Alexander
808 3771 944 3833 homines
966 3779 1072 3846 certos,
1102 3772 1209 3851 quibus

143 3871 340 3948 traderentur,
363 3871 498 3935 misisset.
542 3873 688 3954 Harpalus
714 3893 783 3936 vero
810 3875 907 3955 paullo
931 3884 997 3955 post
1019 3894 1054 3936 ex
1077 3875 1209 3937 custodia

142 3972 227 4052 sugit,
250 3976 379 4054 primum
394 3976 568 4054 Taenarum,
592 3977 698 4040 deinde
721 3977 836 4040 Cretam
858 3996 889 4039 se
912 3977 1045 4054 contulit,
1068 3977 1169 4058 ibique
1191 3997 1207 4039 a
