2882 4554
497 259 581 314 ΚΑΤΑ
598 254 849 312 ΔΗΜΟΣΘΕΝΟΥΣ.
1172 248 1211 307 15

142 434 284 521 τάρατος
314 433 349 499 δὲ
378 425 460 498 καθ’
486 428 623 515 ἑκάστην
654 425 822 512 ἐκκλησίαν
850 421 1020 510 γινόμενος
1048 420 1212 506 ἐξεληλεγ-

142 544 240 623 μένος
263 537 352 620 όῶρα
374 531 456 600 κατὰ
478 535 535 620 τῆς
556 530 686 608 πόλεως
703 526 854 614 είληφιύς,
879 524 1091 611 ἐξηπατηκώς
1108 523 1211 590 δὲκαὶ

143 641 201 708 τὸν
218 641 321 726 δῆμον
344 639 397 703 καί
413 634 470 724 τὴν
491 634 613 723 βουλὴν
634 631 726 717 παρά
747 630 805 717 τὴν
829 623 909 714 άράν
934 626 1012 717 [καὶ]
1037 626 1131 712 ἕτερα
1152 625 1211 706 μὲν

144 743 245 828 λέγων
276 741 370 824 ἕτερα
397 739 432 805 δὲ
462 739 609 824 φρονῶν,
645 735 714 822 ἰδίᾳ
744 734 779 800 δὲ
808 728 1095 815 συμβεβουλευκὼς
1121 725 1213 810 Ἀρι-

145 845 273 932 στάρχῳ
297 841 405 920 δεινάς
434 838 490 907 καὶ
517 834 731 924 παρανόμους
758 833 962 918 συμβουλάς·
996 825 1077 899 ἀνθ’
1102 823 1149 896 ῶν
1171 867 1213 878 -

145 947 239 1032 ε’ίπερ
270 946 340 1012 έστι
368 966 435 1009 που
465 942 576 1008 δικαία
604 935 748 1023 τιμωρία
775 936 858 1003 κατά
879 938 944 1001 τῶν
968 932 1129 1017 ἐπιόρκων
1158 930 1214 998 καὶ

143 1049 313 1134 πονηρῶν,
344 1041 458 1129 ῶσπερ
485 1043 558 1110 έστι
580 1078 621 1090 -
645 1039 744 1106 δώσει
767 1040 855 1125 δίκην
879 1031 975 1115 οὗτος
997 1036 1030 1103 έν
1052 1037 1093 1123 τῇ
1115 1033 1213 1122 τημε-

144 1173 200 1234 ρον
223 1146 338 1237 ἡμέρη.
383 1141 551 1224 άκούοατε,
578 1140 692 1227 ἄνδρες
716 1142 875 1221 δικασταί,
899 1146 957 1228 τῆς
980 1135 1073 1224 άρᾶς.

635 1282 720 1335 ΔΡΑ.

225 1414 321 1485 Ἀλλ’
347 1415 451 1500 ὅμως,
482 1413 596 1500 ἄνδρες
619 1417 786 1496 δικασταί,
814 1411 900 1482 ούτω
922 1418 1143 1502 Δημοσθένης
1165 1415 1210 1500 τῶ
1222 1421 1263 1484 48

145 1521 334 1608 ψεύδεσθαι
367 1519 422 1587 καὶ
448 1520 549 1608 μηδὲν
577 1519 664 1605 ῦγιὲς
693 1521 796 1604 λέγειν
825 1519 965 1602 ἑτοίμως
993 1521 1123 1604 χρῆται,
1158 1520 1212 1590 καί

145 1623 220 1691 οῦτε
242 1622 394 1709 αἰσχύνης
422 1620 497 1690 οῦτε
525 1621 656 1706 ἐλέγχου
680 1619 755 1688 ούτε
777 1619 860 1705 άρῦς
883 1615 977 1688 οῦδὲν
1000 1618 1088 1708 αύτῷ
1110 1621 1211 1704 μέλει,

144 1723 229 1793 ῶστε
250 1725 305 1793 καί
327 1728 403 1810 περὶ
427 1724 506 1808 ε’μοῦ
529 1723 686 1812 τολμήσει
709 1723 828 1808 λέγειν,
860 1718 905 1801 ῶς
927 1717 1051 1801 άκούω,
1082 1718 1127 1800 ῶς
1147 1720 1212 1805 άρα

145 1827 250 1911 κάμοῦ
272 1833 415 1912 κατέγνω
438 1825 599 1910 πρότερον
622 1820 642 1914 ἡ
663 1825 775 1909 βουλή,
798 1826 853 1890 καί
875 1831 966 1891 ποιῶ
984 1824 1119 1891 πάντων
1135 1822 1214 1890 ἆτο-

143 1929 313 2009 πῶτατον,
344 1925 388 2006 ῶς
417 1923 513 2006 οῦτός
537 1951 629 2014 φησι,
652 1927 814 2013 πρότερον
837 1926 896 2011 μὲν
919 1926 1066 1994 ἐναντίον
1089 1930 1130 2015 τῇ
1152 1930 1213 2013 τῆς

143 2033 262 2116 βουλῆς
298 2027 471 2116 ἀποφάσει
504 2024 616 2114 ἀγῶνα
644 2024 913 2114 ἀπολογούμενος
942 2025 1026 2112 ὑπὲρ
1056 2029 1210 2112 ἐμαυτοῦ,

143 2136 213 2200 νυνὶ
237 2135 271 2200 δὲ
295 2136 480 2220 συνηγορῶν
504 2127 596 2220 αῦτῗ,
620 2139 806 2219 κατηγορῶν
829 2131 957 2211 τούτου,
980 2134 1058 2216 περὶ
1080 2134 1139 2218 τῆς
1160 2155 1213 2216 γε·

142 2241 316 2322 γενημένης
339 2233 561 2320 ἀποφάσεως·
591 2242 727 2320 πρᾶγμα
756 2233 1002 2314 κατασκευάζων
1025 2231 1064 2300 ού
1085 2257 1212 2320 γεγενη·
1222 2240 1263 2302 49

141 2343 249 2421 μένον,
274 2331 358 2402 άλλὰ
381 2336 572 2420 ψεύδεσθαι
594 2336 681 2420 πρὸς
703 2332 805 2419 ῦμῦς
825 2337 967 2418 τολμῶν.
1003 2334 1050 2403 ἵν’
1075 2325 1133 2404 οῦν
1156 2336 1212 2404 έάν

142 2439 200 2507 ἐπὶ
214 2442 331 2505 τοῦτον
348 2440 383 2527 ίη
399 2438 457 2504 τὸν
473 2437 578 2521 λόγον,
602 2438 646 2527 μὴ
669 2437 870 2524 ἐπιτρέπητε
890 2433 987 2524 αύτῷ,
1011 2432 1088 2505 ἀλλ’
1107 2438 1214 2524 εἰδῆτε

142 2539 285 2626 ἀκριβῶς
317 2537 370 2607 ότι
393 2534 463 2607 σῦκ’
490 2540 548 2623 ἐμὲ
571 2535 739 2627 άπέφηνεν
762 2537 781 2628 ἡ
804 2540 907 2629 βουλὴ
930 2534 1001 2606 σῦκ’
1027 2540 1213 2626 ἐμέλλησεν,

142 2637 307 2732 ἠδικήθην
338 2645 373 2711 δὲ
404 2636 464 2730 ὕφ’
490 2641 563 2721 ἑνός
592 2636 776 2725 ἀνθρώπου
798 2649 947 2728 πονηροῦ
969 2640 1023 2709 καί
1046 2642 1136 2729 δίκην
1160 2643 1212 2710 όε-

142 2744 286 2823 δωκότος
314 2739 398 2827 παρ’
423 2740 514 2829 ύμῖν,
550 2743 712 2813 ἀκούσατέ
744 2767 809 2828 μου
841 2748 981 2829 βραχέα·
1016 2743 1124 2812 ἔπειτ’
1156 2745 1214 2814 ἐπὶ

140 2849 258 2913 τοῦτον
280 2845 382 2912 πόλιν
404 2848 594 2932 βαδιοῦμαι.

220 2943 364 3036 Ἀνάγκη
387 2949 444 3034 τὴν
466 2949 596 3038 βουλήν,
621 2934 650 3015 ῶ
671 2948 796 3033 ἄνδρες,
821 2949 880 3037 τὴν
900 2947 935 3029 ἐξ
951 2943 1080 3035 Ἀρείου
1102 2949 1211 3034 πάγου
1222 2958 1264 3018 50

143 3051 227 3117 κατὰ
249 3049 307 3118 δύο
330 3051 476 3136 τρόπους
499 3057 665 3118 ποεϊσθαι
686 3051 746 3130 τὰς
763 3046 955 3137 ἀποφάσεις
970 3051 1092 3129 πάσας.
1121 3057 1213 3131 τίνας

141 3151 295 3236 τούτους,·
329 3153 404 3240 ἤτοι
425 3151 525 3241 αὐτὴν
548 3155 771 3241 προελομένην
799 3155 854 3220 καὶ
878 3152 1078 3242 ζητήσασαν,
1112 3148 1134 3241 ἢ
1155 3159 1214 3221 τοῦ

142 3255 247 3345 άημοο
270 3256 518 3340 προστάξαντος
540 3251 635 3344 αῦτῇ.
669 3258 770 3342 χωρὶς
787 3253 912 3322 τούτων
929 3250 986 3321 οῦκ
1002 3257 1090 3322 ἔστιν
1107 3252 1211 3324 ὅντιν’

142 3351 189 3426 όίν
210 3356 336 3440 τρόπον
360 3357 539 3446 ποιήσειεν.
587 3358 616 3426 εί
636 3358 695 3443 μὲν
723 3363 833 3424 τοίνυν
861 3357 942 3445 φῄς,
971 3347 996 3424 ῶ
1023 3359 1143 3445 μιαρὸν
1174 3359 1213 3426 οῦ

210 3531 225 3581 3
242 3524 387 3599 γινόμενοε
403 3526 450 3580 ΝΑ
466 3544 513 3596 pr„
531 3545 595 3584 corr.
608 3530 651 3582 Δί.
668 3558 702 3568 -
720 3498 737 3583 4
753 3528 836 3596 (μὲν)
853 3523 931 3600 δῶρα
948 3529 1022 3582 Blass
1039 3558 1073 3566 —
1091 3532 1136 3580 καί
1154 3535 1214 3581 ante

140 3593 191 3706 τ-ύυ
212 3611 409 3680 supvraxversum
426 3597 480 3704 4².-
492 3627 525 3636 -—
550 3602 566 3652 5
587 3599 632 3649 καὶ
653 3597 754 3652 seclusi.
772 3627 806 3636 -
824 3602 838 3650 ί
858 3593 948 3650 δεινάτ
965 3593 1157 3718 Δι’,ίδίφιὲλέλ
1174 3613 1213 3716 φη.

141 3733 163 3785 Ν
176 3669 229 3800 ρίθ,
244 3659 432 3786 όοόλίλρθόιάάά
450 3763 483 3772 -
497 3663 933 3802 4⁴85thxgqp}:'.;dsffmprc.grrfor—n
946 3665 1023 3798 λλλλ
1040 3748 1129 3784 τιναει
1140 3682 1214 3786 γόόιά

141 3799 214 3857 Turr.
232 3830 265 3838 -
284 3803 299 3853 3
318 3802 491 3870 ἐπιτρέποιτε
508 3802 538 3854 Α.
556 3831 590 3840 -
608 3805 626 3854 4
642 3798 772 3885 ίμέλησιη
787 3800 842 3854 ΑΝ.
860 3831 894 3840 -
912 3805 927 3855 6
945 3803 1058 3885 βραχεῖα
1075 3801 1155 3869 Apu,
1174 3816 1213 3853 ra-

141 3883 199 3921 sura
217 3884 281 3922 corr.
299 3897 333 3908 —
350 3869 396 3936 50,
415 3873 429 3924 3
451 3866 648 3941 προελομένην,
673 3865 689 3934 ἢ
707 3871 864 3951 ζητηφασαν
881 3864 1030 3952 τουμδημου
1047 3867 1143 3951 Κίρρῃ,
1168 3869 1214 3951 εηά

141 3935 174 3989 εί.
196 3937 212 4002 ξ
232 3941 273 3991 55.
297 3965 331 3976 —
355 3941 371 3990 4
395 3931 492 3991 ὅντινα
509 3957 567 4008 τρ.;
591 3954 654 3992 corr.
673 3937 745 4004 Tun,
769 3957 867 3992 οντινα
890 3953 996 4007 τρόπον
1018 3933 1158 4004 ποιησαιτ’
1178 3957 1214 3990 αν

141 4003 243 4056 Bekker
259 4007 285 4056 in
304 4004 368 4058 Add.
