2882 4554
512 233 596 286 ΚλΤλ
612 229 898 286 ΑῬΙΣΤΟΓΕΙΤΟΝΟΣ.
1203 233 1242 290 41

154 406 261 483 λειω,
282 406 345 470 »καὶ
375 411 492 470 τοῦτον
519 402 621 485 μόνον
650 398 670 490 ἦ
695 401 737 480 1ἐξ
759 397 890 485 Ἀρείου
912 399 1021 484 πάγου
1048 399 1150 488 βουλὴ
1173 405 1243 482 τοῖς

147 547 160 596 g
175 503 345 592 ἐζητηκόσι
366 507 419 572 καὶ
443 503 567 572 εἰδόσιν
591 500 844 591 ἀποπέφαγκεν·
868 498 906 568 οὗ
929 502 990 587 γὰρ
1013 497 1097 586 παρ’
1118 503 1244 588 ἐκείνης

174 604 267 690 όμεῒς
296 608 484 691 πυθόμενοι
511 610 628 672 τοῦτον
657 602 904 687 ἰ’στεπονηρόν
932 607 985 671 καλ
1017 601 1129 671 άδικον
1153 602 1241 686 όντα,

173 707 248 776 ἀλλ’
274 710 409 787 ἕκαστος
443 703 534 790 ὑμῶν
568 704 709 794 ἀκριβῶς
738 701 809 774 οἶδε
836 706 896 793 τὴν
923 706 1041 774 τούτου
1070 706 1242 794 πονηρίαν.

160 809 259 892 ,ὥστε
293 811 332 877 τό
365 808 526 888 πολλάκις
553 811 726 895 λεγόμενον
756 805 880 896 ἀληθὲς
910 809 1016 876 εἰπεῖν
1047 809 1153 890 ἔστιν,
1191 808 1243 877 ότι

171 914 250 999 περὶ
277 915 338 997 μὲν
366 914 484 981 τούτου
507 911 567 1002 τήν
589 916 707 1000 ψῆφον
730 909 824 995 ὑμεῖς
845 912 980 993 μέλλετε
1003 918 1133 999 φέρειν,
1163 917 1242 997 περὶ

173 1013 205 1082 δ’
229 1013 320 1098 όμιῦν
343 1016 376 1082 οἱ
397 1014 649 1101 περιεστηκότες
670 1017 723 1086 καὶ
748 1015 781 1080 οἱ
804 1013 900 1080 άλλοι
921 1014 1053 1093 πάντες.

256 1118 322 1184 Διδ
341 1120 395 1184 καὶ
412 1115 594 1202 σωφρόνων
611 1116 679 1182 έστλ
698 1116 869 1195 δικαστῶν,
894 1105 920 1181 ὦ
939 1110 1128 1201 Ἀθηναῖοι,
1152 1117 1239 1203 μήθ’
1251 1121 1292 1182 20

171 1217 248 1303 όμῖν
272 1217 385 1297 αὐτοῖς
408 1218 558 1286 ἐναντίαν
582 1218 719 1310 ἐνεγκεῖν
742 1218 800 1303 τὴν
823 1222 941 1306 ψῆφον
964 1218 1047 1306 μήτε
1069 1226 1156 1285 πᾶσι
1170 1229 1242 1298 τοῖς

172 1321 285 1401 ἀλλοις
310 1320 520 1406 Ἀθηναίοις,
556 1315 630 1387 ἀλλ’
656 1317 874 1404 ὁμοθυμαδὸν
902 1326 1242 1408 καταψηφισαμένους

171 1425 300 1502 πάντας
330 1425 540 1509 παραδοῦναι
568 1433 639 1501 τοῖς
667 1423 726 1491 ἐπὶ
754 1427 851 1490 τοῦτο
873 1429 1082 1508 τεταγμένοις
1103 1424 1241 1510 θανάτῳ

172 1528 345 1614 ζημιῶσαι,
368 1525 480 1614 καὶμὴ
497 1531 667 1610 προέσθαι
689 1527 809 1615 καὶμὴ
832 1527 1015 1611 προδοῦναι
1037 1526 1097 1614 τὴν
1121 1522 1241 1594 όσίαν

68 1657 72 1660 ·
171 1633 224 1696 καὶ
247 1630 305 1715 τὴν
328 1626 461 1713 εόορκον
484 1632 611 1718 ψῆφον,
636 1623 908 1716 ἀναμνησθέντας
931 1625 983 1694 ότι
1005 1629 1124 1695 τούτου
1146 1629 1241 1697 κατέ-

169 1757 289 1817 γνωκεν
311 1728 333 1818 ἦ
355 1729 457 1816 βουλὴ
480 1733 571 1814 δῶρα
586 1730 766 1814 λαμβάνειν
780 1729 863 1796 καθ’
880 1726 984 1814 ἀμῶν,
1006 1731 1125 1798 τούτου
1147 1737 1241 1799 κατέ·
1275 1729 1277 1734 ’

169 1859 288 1918 γνωκεν
312 1830 330 1898 δ
354 1834 465 1920 πατὴρ
488 1833 544 1898 καὶ
566 1833 629 1913 ζῶν
651 1834 705 1898 καί
736 1831 931 1922 τελευτήσας
960 1828 1083 1901 ἀδικεῖν
1113 1833 1240 1918 ἑαυτόν,

170 1935 248 2024 [καὶ]
272 1936 327 2002 ἵνα
348 1935 386 2000 τό
409 1933 629 2019 πραότατου
653 1935 739 2002 ε’ίπω
755 1944 820 2002 τῶν
837 1932 1018 2017 όνομάτων,
1042 1936 1160 2004 τούτου
1182 1963 1241 2002 κα-

169 2036 441 2126 ταχειροτονήσας
471 2033 488 2102 ό
518 2039 620 2125 δῆμος
649 2039 839 2120 παρέδωκεν
868 2035 946 2123 όμῖν
968 2039 1239 2124 τιμωρήσασθαι.

170 2135 267 2218 οὗτος
289 2140 400 2207 πολλὰ
421 2138 504 2207 κακά
522 2141 812 2227 διαπεπραγμένος
826 2142 886 2209 έπὶ
902 2142 1066 2220 τοιούτοις
1083 2142 1284 2228 εἴληπταιλλ

171 2243 344 2327 πράγμασι
366 2245 422 2307 νῦν
446 2236 581 2324 ἀδικῶν,
612 2237 671 2328 ἀφ’
697 2237 748 2321 οἷς
779 2242 913 2328 αἰσχρόν
944 2243 1032 2310 ἔστιν
1062 2239 1139 2326 όμῖν
1167 2247 1239 2321 τοῖς

171 2344 360 2425 δικάζουσιν
390 2341 596 2428 ἀτιμώρητον
627 2345 724 2411 έάοαι
752 2348 878 2412 τοῦτον.
923 2353 997 2412 τίνα
1019 2345 1079 2430 γάρ
1102 2345 1239 2432 τρόπον,

171 2433 199 2513 ιά
225 2445 421 2533 Ἀθηναῖοι,
459 2446 538 2530 περὶ
571 2449 636 2512 τῶν
672 2445 780 2514 ἀλλων
809 2442 1016 2536 ἀποφάσεων
1045 2451 1154 2515 οίσετε
1181 2445 1241 2535 τήν

171 2558 310 2637 ψήφους
333 2543 354 2637 ἢ
378 2547 434 2615 διά
456 2555 548 2627 τίνας
570 2551 759 2636 προφάσεις
780 2554 846 2616 τῶν
869 2549 929 2640 ἤδη
950 2556 1146 2635 κεκριμένων
1169 2550 1241 2618 έσε-

172 2657 237 2718 σθε
257 2657 564 2739 κατεψηφισμένοις
598 2645 620 2739 ἢ
649 2649 705 2719 διά
733 2659 767 2718 τί
794 2652 833 2718 τό
860 2654 920 2736 μέν
950 2647 1152 2740 ἀποφαίνειν
1181 2653 1241 2740 τὴν

138 2743 144 2758 ’
169 2752 292 2842 βουλὴν
320 2752 396 2831 τοὺς
426 2752 604 2839 εἰληφότας
625 2755 667 2820 τά
686 2754 839 2843 χρήμαγα
862 2758 1070 2842 φανείσθε
1091 2754 1242 2822 σπονδά-

171 2857 289 2937 ζοντες,
313 2854 351 2920 τὸ
376 2856 411 2922 δὲ
433 2863 657 2941 τιμωρεῖσθαι
678 2856 1083 2945 τοδς·άποπεφασμένους
1105 2859 1222 2934 ἐῶντες
1229 2886 1240 2938 ,·

169 2956 213 3045 μὴ
237 2958 298 3043 γάρ
323 2954 428 3035 ἰδίους
450 2956 579 3042 ἀγῶνας
600 2957 737 3039 τοότους
759 2949 947 3046 ἀπολάβητε
970 2955 1054 3028 εἶναι
1076 2961 1158 3026 κατὰ
1172 2963 1237 3025 τῶν
1248 2958 1288 3019 22

169 3067 227 3125 νῦν
250 3058 359 3144 μόνων
382 3055 693 3146 ἀποπεφασμένων,
722 3057 808 3129 ἀλλὰ
835 3061 964 3141 κοινοδς
994 3067 1046 3128 καὶ
1070 3061 1152 3128 κατὰ
1174 3064 1240 3127 τῶν

170 3159 278 3229 ἄλλων
301 3159 504 3247 ἀνθρώπων.
549 3166 732 3248 δωροδοκία
762 3167 823 3251 γάρ
852 3166 908 3232 καί
936 3168 1104 3252 προδοσία
1133 3191 1240 3251 κρινο-

236 3333 280 3396 19,
299 3335 314 3385 3
334 3328 424 3385 αὐτοῖς
442 3336 514 3401 εζητ.
533 3335 613 3388 Blass.
633 3366 665 3373 —
685 3342 700 3391 5
718 3329 783 3404 ὑμῖν
799 3338 822 3388 Α
840 3354 885 3404 ρο,
904 3353 966 3390 corr.
976 3338 1020 3389 Αί.
1037 3367 1070 3377 -
1089 3341 1104 3391 6
1123 3332 1188 3389 ἀλλί
1209 3337 1239 3388 N.

168 3432 201 3442 -
220 3406 236 3456 9
253 3399 281 3452 οἱ
298 3416 373 3466 supra
393 3417 494 3455 versum
511 3404 553 3455 λ’.
573 3434 605 3441 -
623 3404 669 3470 20,
687 3408 704 3458 4
721 3400 878 3475 παροιδόνυι
895 3407 917 3457 Α
935 3422 982 3472 pr.‚
1001 3422 1064 3458 corr.
1076 3406 1120 3471 ΑΙ,
1137 3423 1177 3458 πα
1196 3401 1239 3458 αδ.

168 3469 300 3538 (τοῦτον)
320 3468 487 3520 Schmidt-
505 3473 550 3524 ἐπὶ
567 3490 657 3524 τουτω
675 3474 698 3524 Α
716 3490 762 3540 μα,
781 3489 843 3525 corr.
862 3473 904 3526 Αἱ.
925 3504 957 3512 -
975 3480 990 3529 5
1009 3478 1054 3525 καὶ
1071 3471 1108 3541 μὶ
1126 3424 1240 3554 προδοῦ-

169 3536 1240 3672 ⁹³⁴⁸333222⁸AM3²²¹2223dil·¹3⁸?„123350‘ssm033113‘35‘5s.⁶::2³2

167 3621 259 3742 ἀιόόὶόσνι
284 3673 347 3726 ουλε.
366 3643 467 3726 Βελελόε.
490 3645 524 3711 -Ι
548 3646 585 3729 10‘
597 3650 802 3747 παραδέδωκεν.
811 3677 842 3729 Ν.
865 3626 898 3716 P-
920 3651 967 3743 21}
983 3682 998 3730 2
1016 3647 1068 3729 νόν
1085 3692 1135 3728 om.
1153 3629 1240 3744 Aepr.‚

168 3742 225 3795 εδδ.
243 3741 277 3792 A¹
297 3771 329 3780 -
347 3742 406 3793 ἐστι
424 3742 455 3797 N.
474 3771 506 3780 -
525 3746 540 3795 5
558 3748 746 3864 κενηηιμμέναν
762 3747 785 3797 Α
802 3761 849 3813 με,
870 3762 957 3799 rasura
977 3762 1049 3809 τοοκ,
1070 3747 1241 3813 κικριμί.ων

167 3810 253 3876 N⁹''’
273 3825 337 3861 ⁰⁰¹¹·
352 3808 391 3909 ·N¹
409 3839 441 3849 “
458 3809 574 3932 ἀλλ’
589 3830 682 3934 -Ρλλ
696 3814 873 3935 ⁰?''13N252‘
885 3819 906 3899 ‘⁷
926 3812 1240 3934 φάιῗσόλλάλλαλ

167 3878 357 4081 Ξῖόέἷέἱάέ
373 3894 454 4027 ξολλ,
472 3896 536 4000 οοοῐι.
548 3920 643 4068 Ιιληῃ-
663 3901 817 4020 λ’άποιιιεηντ.
832 3901 928 4017 aasz}
939 3950 970 4003 N.
989 3903 1055 4004 -ἀ
1074 3886 1239 4021 άνθβρόόποιν

211 4054 217 4068 .
258 4031 265 4064 ι
326 4031 333 4065 ι
353 4055 360 4081 ,
379 4033 515 4068 απαντων
533 4031 564 4069 ει.
614 4033 663 4070 ass.
