2882 4554
508 1149 911 1246 PRAEFATIO.

261 1474 401 1536 Dinarchi
425 1474 573 1538 orationes
595 1472 710 1535 Bekker
738 1473 828 1534 edidit
850 1492 885 1534 ex
906 1473 989 1534 libris
1011 1471 1185 1551 Crippsiano
1208 1474 1240 1546 A,

176 1577 379 1638 Laurentiano
401 1577 440 1652 B,
472 1577 621 1638 Marciano
644 1577 684 1652 L,
712 1575 927 1637 Vratislavien'si
958 1575 993 1650 Z;
1029 1583 1093 1636 tum
1120 1574 1241 1634 Dobson

176 1680 316 1754 (Londini
335 1681 428 1758 1828)
450 1679 594 1742 lectiones
616 1679 776 1741 Burneiani
799 1681 839 1742 96
858 1679 887 1740 Μ
909 1687 939 1740 61
957 1677 1121 1757 Crippsiani
1144 1676 1241 1737 denuo

177 1783 275 1844 collati
299 1784 386 1844 dedit.
431 1783 554 1846 Librum
576 1783 682 1846 deinde
699 1782 899 1843 Oxoniensem
920 1781 956 1855 N,
979 1781 1029 1860 qui
1051 1780 1139 1860 primi
1162 1779 1243 1839 adhi-

176 1885 317 1962 buerunt,
341 1887 486 1950 duumviri
501 1886 679 1948 Turicenses
694 1887 802 1966 (1840)
817 1885 879 1946 fere
895 1881 1080 1964 spreverunt,
1095 1883 1244 1944 Maetzner

179 1990 322 2070 (Berolini
347 1990 439 2065 1842)
463 1990 600 2051 editionis
623 1989 707 2068 quasi
729 1989 953 2050 fundamentum
975 1987 1083 2066 posuit.
1098 2021 1111 2034 ·-
1129 1985 1244 2058 Quibus

178 2093 213 2153 de
228 2093 311 2154 libris
325 2101 482 2173 postquam
497 2093 623 2154 multum
638 2092 818 2171 disputatum
833 2100 886 2166 est,
910 2097 1026 2151 constat
1050 2107 1130 2150 nune
1153 2088 1244 2149 libros

177 2193 277 2254 BLMZ
309 2203 338 2255 et
359 2195 492 2256 Aldinam
521 2195 693 2256 auctoritate
722 2195 803 2255 omni
826 2212 940 2267 carere,
970 2199 1085 2254 constat
1105 2191 1198 2251 libros
1219 2192 1243 2250 A

178 2296 251 2357 etN
274 2315 309 2356 ex
331 2297 434 2357 eodem
455 2299 538 2359 16616
560 2299 687 2370 fluxisse,
711 2305 826 2359 constat
840 2301 1000 2392 uprumq'ue
1014 2313 1081 2356 vera
1097 2294 1244 2355 interdum

182 2399 277 2460 solum
300 2417 506 2462 conservasse:
532 2401 592 2462 utri
613 2401 689 2461 libro
711 2401 778 2480 plus
800 2401 868 2462 fidei
890 2399 1059 2460 habendum
1082 2398 1127 2473 sit,
1149 2396 1244 2457 adhue

180 2511 318 2563 certatur.
362 2506 457 2582 Atque
480 2504 510 2564 in
533 2503 633 2564 libello
649 2503 822 2565 scholastico
838 2503 990 2584 gymnasii,
1014 2501 1093 2581 quod
1109 2499 1245 2562 Guilelmi

179 2604 268 2683 Regis
297 2607 418 2667 nomine
450 2615 573 2668 ornatur
603 2607 684 2668 1886
709 2606 770 2684 (C),
799 2607 854 2666 hac
875 2608 911 2667 de
933 2625 965 2666 re
988 2605 1027 2665 ita
1049 2603 1181 2677 disserui,
1211 2610 1245 2663 ut

180 2707 278 2767 neutri
299 2707 376 2769 libro
397 2710 523 2788 palmam
546 2708 752 2781 deserendam,
781 2708 924 2787 cuiusque
953 2708 1010 2769 loci
1038 2707 1167 2767 rationes
1187 2705 1244 2767 cir-

179 2809 429 2888 cumspiciendas‚
459 2810 527 2870 libri
549 2810 700 2889 archetypi
727 2810 870 2872 lectiones
898 2811 1002 2872 ordine
1032 2817 1061 2870 61
1081 2809 1125 2868 via
1155 2825 1245 2886 quae·

178 2913 286 2974 rendas
308 2931 372 2974 esse
395 2932 556 2976 censerem.
594 2914 679 2985 Quod
702 2924 735 2976 ut
756 2915 820 2976 fieri
842 2924 951 2995 posset,
973 2895 1116 2976 lectiones
1138 2913 1244 2972 horum

178 3016 331 3091 librorum,
355 3035 519 3096 quoscum
542 3017 587 3077 ed.
602 3017 760 3080 Maetzner.
783 3019 983 3092 contuleram,
1014 3035 1101 3097 quam
1124 3033 1244 3076 accura-

180 3122 305 3183 tissimus
328 3120 433 3195 addidi,
457 3139 518 3180 non
542 3139 601 3199 quo
625 3140 728 3182 omnes
749 3121 784 3182 ad
807 3120 932 3181 oratoris
954 3120 1042 3182 verba
1061 3117 1244 3180 emendanda

180 3224 301 3285 idoneas
324 3223 528 3296 existimarem,
554 3223 604 3284 sed
628 3224 704 3303 quia,
728 3224 823 3301 quoad
844 3222 880 3283 de
896 3223 1064 3284 alterutrius
1079 3223 1146 3284 libri
1160 3221 1245 3301 prin-

179 3327 278 3406 cipatu
300 3328 410 3408 agitur,
439 3346 477 3388 ne
499 3346 548 3390 res
569 3327 697 3387 minutas
720 3326 838 3405 quidem
860 3326 1002 3386 memoria
1022 3326 1158 3405 indignas
1181 3341 1245 3384 esse

180 3431 352 3494 arbitrabar.
376 3431 566 3494 Confidebam
589 3431 676 3492 etiam
699 3449 760 3492 non
784 3429 902 3491 inutiles
925 3431 987 3492 fore
1008 3429 1137 3490 ad'illam
1153 3445 1243 3507 quae-

169 3534 308 3603 stionem
335 3533 560 3607 diiudicandum,
589 3532 835 3612 quemadmodum
863 3531 939 3592 libro
961 3534 985 3592 A
1009 3533 1085 3612 apud
1114 3535 1245 3591 oratores

147 3659 151 3676 ·
179 3655 230 3698 eos
252 3635 396 3697 utendum
417 3643 502 3709 esset,
529 3636 579 3713 qui
601 3636 663 3695 fere
685 3633 721 3694 ab
744 3635 801 3696 hoc
822 3653 883 3695 uno
899 3635 982 3694 sonte
999 3633 1035 3694 ad
1050 3641 1173 3694 aetatem
1189 3651 1244 3692 no·

178 3747 267 3800 stram
289 3746 498 3817 pervenerunt,
521 3737 703 3798 Andocidem
725 3744 754 3797 et
776 3737 898 3798 Isaeum.

265 3839 385 3900 Librum
417 3848 574 3919 utrumque
602 3838 744 3918 descripsi
771 3839 801 3900 in
824 3838 1005 3918 praefatione
1026 3837 1154 3917 Lycurgi
1177 3837 1244 3915 (Be-

178 3941 232 4002 661.
260 3942 364 4018 1880).
414 3941 510 4020 Atque
539 3942 570 4002 in
600 3940 677 4000 libro
707 3941 881 4022 Grippsiano
918 3957 1022 4000 manus
1051 3940 1244 4018 correctrices
1329 3957 1330 3960 ¹
1427 3925 1428 3996 ζ

169 4045 250 4116 ¹cium
271 4061 400 4122 agnosco
423 4043 577 4104 atramenti
599 4043 700 4104 colore
721 4043 800 4104 inter
822 4061 853 4103 se
875 4041 1011 4117 diversas,
1037 4043 1158 4103 alteram
1179 4042 1244 4123 (Al)
