2882 4554
490 229 574 283 ΚΑΤΑ
591 227 843 283 ΔΗΜΟΣΘΕΝΟΥΣ.
1167 228 1206 287 31

133 394 219 468 εἶναι
247 398 372 488 ψήφῳ,·
406 396 572 484 γέγραψαι
600 398 776 484 ψήφισμα,
806 396 1039 482 Δημόσθενες,
1073 398 1279 470 πολλῶν101

133 499 238 570 όντων
260 506 314 567 καί
338 503 452 568 δεινῶν
481 500 536 567 καὶ
566 501 768 584 παρανόμων
797 489 844 565 τόν
866 499 1026 588 Δημάδης
1047 500 1208 587 γέγραφες

133 603 316 682 κεκώλυκας
339 630 413 669 τινα
436 602 558 686 πρᾶξιν
580 596 627 668 ὦν
650 602 773 686 ἐκεῖνος
799 601 1023 686 προελόμενος
1044 603 1126 670 κατὰ
1149 611 1208 671 τού

135 707 241 795 δήμου
258 708 516 786 πεπολίτευται,·
539 699 612 770 οὐδ’
629 702 789 791 ἡντινοῦν.
820 704 1026 790 εἰσήγγελκας
1040 704 1099 771 τόν
1115 706 1208 790 παρὰ

134 810 184 876 τά
205 815 265 874 τοῦ
288 806 393 895 δήμου
415 813 639 892 ψηφίσματα
667 807 723 874 καὶ
751 806 828 884 τούς
857 805 978 885 νόμους
999 806 1111 874 πολλὰ
1134 809 1209 873 δια·

134 917 388 996 πεπραγμένους
421 907 654 986 οὐδεπώποτε,
686 903 770 975 ἀλλὰ
797 909 963 991 περιεῖδες
986 907 1087 975 αύτδν
1111 909 1144 976 δν
1166 913 1208 997 τῇ

134 1011 239 1101 άγορᾷ
261 1015 399 1094 χαλκοῦν
421 1018 589 1077 σταθέντα
617 1013 671 1078 καὶ
699 1014 758 1098 τῆς
781 1011 814 1079 έν
836 1009 1025 1099 πρυτανείῳ
1048 1010 1209 1090 σιτύσεως

134 1116 390 1202 κεκοινωνηκότα
410 1125 482 1193 τοῖς
501 1110 681 1196 Ἁρμοδίου
703 1117 756 1180 καί
776 1109 1060 1198 Ἀριστογείτονος
1082 1110 1209 1198 άπογό-

135 1245 214 1298 νοις.
256 1219 374 1286 ἐ’πειτα
396 1220 463 1283 πού
485 1220 545 1305 τῆς
568 1211 696 1295 εύνοίας
717 1219 775 1305 τῆς
791 1211 883 1302 σήςό
903 1218 1007 1304 δῆμος
1022 1216 1119 1300 ἔλαβε
1133 1226 1281 1290 net-102

135 1349 205 1406 ραν,
229 1316 249 1409 ἢ
273 1328 340 1386 ποῦ
362 1319 421 1405 τὴν
444 1322 503 1385 τού
525 1319 663 1405 ῥήτορος
683 1320 846 1404 βοήθειαν
866 1322 919 1386 καί
945 1319 1082 1402 δύναμιν
1098 1319 1208 1399 ἐξετα-

136 1425 271 1506 ζομένην
296 1423 446 1503 ε’ίδομενς
480 1414 501 1510 ἢ
526 1420 673 1488 ἐνταῦθα
696 1419 815 1510 φήσετ’
841 1415 926 1488 εἶναι
949 1423 1061 1502 δεινοί,
1091 1422 1120 1489 εἰ
1142 1447 1209 1488 πα·

136 1525 396 1610 ρακρούσεσθε
429 1524 566 1602 τούτους
601 1519 655 1590 άελ
690 1525 838 1607 λέγοντες
866 1517 911 1602 ὥς
940 1517 997 1590 ούκ
1025 1524 1114 1590 έστιν
1144 1523 1208 1602 ἔξω

136 1630 195 1718 τῆς
223 1629 385 1711 πατρίδος
412 1623 489 1710 ύμῖν
520 1627 670 1705 ἐξελθεῖν
677 1677 686 1706 ,
718 1622 775 1693 ούκ
805 1627 894 1694 ἔστιν
924 1624 1005 1713 άλλη
1036 1626 1205 1714 καταφυγή

133 1732 234 1814 χωρὶς
254 1733 313 1818 τής
335 1726 494 1819 ἡμετέρας
516 1722 668 1810 εύνοίας,
692 1726 855 1814 φανερούς
871 1729 964 1818 ἐχρῆν
979 1734 1209 1816 γεγενημένους

134 1829 418 1916 ἀντιπράττοντας
445 1827 501 1897 καὶ
524 1830 610 1917 λόγῳ
639 1831 694 1897 καὶ
717 1832 800 1916 ἔργῳ
822 1843 895 1909 τοῖς
916 1831 999 1898 κατὰ
1020 1838 1079 1897 τού
1103 1829 1208 1916 δήμου

134 1941 356 2022 γραφομένοις
379 1930 608 2018 ψηφίσμασιν,
637 1928 724 1998 ούτω
747 1939 882 2000 πείθειν
905 1933 1055 2012 τούτους,
1087 1934 1209 2017 [λέγον-

134 2043 204 2118 τας]
233 2033 278 2115 ὥς
301 2032 358 2103 ούκ
374 2036 470 2103 ’ἔστιν
492 2034 570 2117 ύμῖν
593 2032 731 2120 οὐδεμία
753 2043 900 2122 σωτηρία
920 2036 1020 2121 χωρὶς
1042 2040 1100 2124 τής
1116 2035 1209 2120 παρὰ

136 2148 195 2208 τοῦ
218 2138 323 2228 δήμου
345 2145 515 2225 βοηθείας.
560 2135 655 2220 ύμεῒς
684 2133 714 2203 δ’
741 2138 775 2204 έν
803 2149 874 2216 τοῖς
903 2140 964 2218 ἔξω
986 2136 1046 2217 τάς
1069 2135 1207 2216 ἐλπίδας
1221 2149 1280 2211 103

136 2243 232 2325 ἔχετε,
257 2238 479 2323 ἁμιλλώμενοι
502 2245 576 2317 ταῖς
597 2241 782 2317 κολακείαις
803 2241 890 2324 πρὸς
912 2239 987 2319 τούς
1010 2236 1210 2325 ὁμολογοῦν-

134 2370 194 2423 τας
217 2340 301 2426 ύπλρ
321 2340 539 2425 Ἀλεξάνδρου
562 2342 719 2424 πράττειν
743 2344 798 2408 καὶ
823 2345 913 2425 δῶρα
930 2343 1101 2432 εἰληφέναι
1116 2344 1209 2427 παρὰ

134 2452 200 2514 τῶν
230 2445 342 2512 αύτῶν
372 2437 482 2526 ὦνπερ
506 2446 562 2510 νύν
585 2439 825 2530 ἀποπέφαγκεν
847 2441 933 2529 ὑμᾶς
954 2445 974 2535 ἡ
995 2446 1108 2533 βουλή.
1153 2448 1207 2512 καλ

137 2551 176 2616 σὺ
198 2549 334 2616 πάντων
355 2555 421 2613 τῶν
440 2543 597 2636 Ἑλλήνων
621 2547 768 2614 ἐναντίον
792 2549 1012 2633 διειλεγμένος
1034 2546 1206 2634 Νικάνορι,

135 2655 189 2719 καί
211 2649 450 2737 κεχρηματικὼς
472 2648 507 2717 ἓν
526 2643 692 2738 Ὀλυμπίᾳ
715 2650 796 2736 περὶ
819 2645 864 2717 ιύν
889 2650 1085 2738 ἐβουλήθης,
1110 2651 1210 2718 έλεει-

136 2754 193 2822 νδν
215 2757 270 2820 νῦν
294 2752 432 2820 σεαυτὸν
454 2754 703 2835 κατασκευάζεις
725 2753 892 2841 προδότης
916 2747 961 2819 άλν
986 2753 1040 2820 καί
1064 2751 1209 2839 δωροδό-

135 2882 200 2937 κος,
224 2851 270 2934 αλς
292 2855 636 2941 ἐπιμελησομένους
657 2855 793 2935 τούτους
812 2858 869 2944 τῆς
886 2859 945 2946 σής
960 2863 1130 2944 πονηρίας,
1155 2859 1209 2923 καλ

137 2957 314 3048 ούδιύσων
345 2956 434 3043 δίκην
463 2955 548 3043 ύπὲρ
578 2953 624 3024 ὦν
655 2961 792 3045 είληφαι
823 2959 1029 3047 πεποιηκώς,
1059 2959 1207 3048 τοσούτῳ
1221 2967 1281 3029 104

136 3062 375 3147 τολμηρότερον
404 3059 579 3146 Δημάδου,
610 3057 700 3128 ὥσθ’
731 3056 748 3126 ό
776 3064 836 3147 μὲν
865 3060 1070 3150 προειρηκώς
1099 3062 1133 3129 έν
1162 3071 1210 3152 τῷ

138 3163 229 3254 δήμῳ
252 3165 308 3229 τὸν
332 3163 449 3230 ἑαυτοῦ
472 3163 598 3247 τρόπον
628 3163 683 3231 καὶ
710 3164 768 3253 τὴν
798 3163 980 3244 ἀπόνοιαν,
1011 3168 1064 3232 καὶ
1089 3159 1211 3249 ὁμολο-

134 3270 200 3352 γῶν
223 3265 476 3348 λαμβάνεινκαὶ
500 3265 687 3354 λήψεσθαι,
711 3263 801 3350 ὅμως
823 3262 861 3332 ού
884 3266 1065 3354 τετόλμηκε
1079 3268 1210 3348 τούτοις

201 3434 262 3501 101,
281 3437 297 3488 2
321 3438 366 3486 καὶ
387 3440 448 3503 post
464 3430 566 3489 δεινῶν
587 3453 639 3491 om.
656 3437 691 3504 Α,
715 3433 811 3490 δεινῶτ
828 3433 1001 3508 παρανόμων
1017 3439 1120 3493 Bekker
1138 3443 1157 3494 t.
1175 3467 1210 3478 -

134 3501 386 3626 λ..εἰιτήῖἴὲλνιὺοιε,ἰαι
400 3506 512 3623 φετςίυε
527 3506 570 3558 Δί.
581 3535 622 3587 0-
641 3510 656 3559 5
673 3503 783 3587 τὸς...
799 3502 931 3588 φήφιομα
950 3507 1027 3613 ANP-
1038 3505 1209 3594 πειθοίατο

158 3679 165 3693 .
186 3591 223 3679 3⁰
299 3571 1209 3698 1111Α-ιιίὶθδίέλλθίΜῖθὶολλῖῑιῖῖ

133 3640 351 3794 ἔρούσηόθιύιλίη
375 3657 578 3792 τλαραλιήούσετε
601 3713 637 3763 A:
662 3662 726 3763 σόλτ.
743 3661 911 3794 λδεὶλίεε.ῃ-
931 3684 951 3765 '8
975 3705 1006 3763 ού
1029 3681 1072 3764 τά
1095 3710 1141 3763 ΝΑ
1159 3661 1210 3791 5¹:¹²

134 3777 303 3898 λλλλλλῐτῖ
318 3773 836 3914 Ἑλίήλλλλῗλλλ’κ’-1λ3ἰλ.ίλῖ“
847 3779 1211 3914 λλῖειῗρλλλλἽιῖλῗ

135 3897 279 3996 λησμίνοντ
296 3912 399 3968 Reiske.
423 3942 458 3952 —
481 3917 496 3968 9
515 3919 577 3984 περὶ
595 3884 617 3968 λ
631 3931 682 4002 φα,
698 3866 879 3987 ύπδρηλί.μ-
895 3912 957 3981 104,
975 3917 991 3969 3
1009 3913 1059 3968 τόν
1078 3885 1160 3969 άύτοῦ
1178 3915 1210 3982 Α,

132 3999 184 4032 τον
202 3975 286 4034 αύτού
304 3987 322 4034 t.
341 4011 374 4020 —
392 3984 409 4034 4
425 3979 589 4050 τετόλμηκεν
608 3987 697 4036 αυτοῖε
714 3986 744 4038 Α.
