2882 4554
210 245 254 303 ης
660 245 844 299 ιεικκεκοκ

297 418 389 500 Λέγε
423 407 465 499 δή
497 413 601 480 πάλιν
638 411 656 478 ὃ
685 420 906 501 Δημοσθένης
933 413 1016 481 κατά
1044 420 1286 502 Δημοσθένους

213 515 347 601 ἔγραψε.
389 520 577 598 προσέχετε,
602 500 629 581 ὦ
652 513 777 598 άνόρες.

649 623 849 709 mmmm.

163 828 203 890 84
294 818 338 887 ‘H
354 823 457 911 βουλή
482 819 593 906 εόρηκε
612 827 846 912 Δημοσθένην.
877 832 911 891 τέ
933 825 985 891 δεῖ
1006 825 1139 890 πολλῶν
1162 824 1286 909 λόγωνς

161 939 203 989 101
213 918 464 1009 ἀποπέφαγκεν,
496 913 730 1012 ὦἈθηναῖοι.
774 925 813 991 τὸ
841 926 901 1007 μὲν
928 925 1039 993 τοίνυν
1063 923 1189 992 δίκαιον
1213 928 1218 1014 Ι
1245 918 1285 1014 ήν

211 1022 274 1112 ὑφ’
299 1026 416 1092 ἑαυτοῦ
438 1027 625 1110 κεκριμένον
649 1022 751 1106 εόθός
773 1022 1016 1117 ἀποθνήσκειν·
1041 1026 1155 1114 έπειόή
1180 1026 1213 1093 δ’
1238 1029 1286 1109 εἷς

210 1128 270 1207 τὰς
292 1125 449 1212 ὑμετέρας
473 1125 544 1217 ήκει
569 1140 696 1212 χεῖρας,
730 1133 809 1197 τῶν
839 1127 923 1215 ὑπὲρ
952 1133 1011 1197 τοῦ
1041 1131 1145 1220 όήμου
1176 1155 1286 1199 συνει-

210 1232 397 1314 λεγμένων
419 1232 472 1298 καὶ
495 1239 576 1298 τιῦν
600 1228 847 1317 ὀμωμοκότων
870 1239 1061 1300 πείθεσθαι
1082 1244 1155 1311 τοῖς
1170 1233 1285 1315 νόμοις

209 1333 263 1398 καὶ
285 1342 357 1410 τοῖς
379 1335 438 1399 τοῦ
461 1331 564 1420 δήμου
595 1340 803 1422 ψηφίσμασι,
827 1342 861 1401 τέ
883 1335 1061 1422 ποιήσεως
1090 1335 1284 1421 προήσεσθε

208 1433 267 1518 τήν
289 1433 375 1519 πρός
397 1434 475 1515 τοὺς
496 1435 599 1513 θεοὺς
622 1432 790 1522 εὐσέβειαν
818 1440 874 1505 καὶ
903 1438 946 1503 τὰ
977 1438 1070 1521 παρὰ
1098 1441 1203 1504 πᾶσιν
1226 1434 1284 1504 άν·

160 1545 199 1609 85
209 1536 365 1620 θρώποις
387 1539 498 1604 όέκοια
520 1539 737 1622 νομιζόμενος
770 1538 830 1626 μή,
861 1528 1102 1628 οἷἈθηναῖοι,
1131 1540 1195 1626 μή·
1231 1541 1284 1607 αἰ-

209 1639 306 1723 σχρὸν
328 1637 389 1725 γάρ
412 1639 466 1707 καὶ
490 1641 596 1707 δεινὸν
620 1640 752 1725 ἑτέρους
778 1643 837 1725 μὲν
859 1641 926 1709 ὑπὸ
953 1650 1019 1708 τῶν
1040 1642 1283 1728 Δημοσθένους

207 1741 452 1828 ψηφισμάτων,
482 1743 578 1811 οὐδέν
606 1742 704 1823 ὄντας
731 1745 851 1812 τοότου
879 1753 1008 1830 χείρους
1037 1743 1113 1815 οὐδὲ
1140 1743 1279 1813 τοσαῦτ’

208 1838 404 1931 ήόικηκότας
427 1842 491 1912 ὅσα
513 1873 578 1930 περ
594 1841 701 1927 οὗτος,
725 1847 947 1928 ἀπολωλέναι,
970 1852 1099 1915 τουτονὶ
1124 1849 1161 1916 δὲ
1181 1874 1283 1915 κατα-

208 1950 394 2033 φρονοῦντα
416 1945 508 2032 όμῶν
537 1948 594 2016 καὶ
615 1952 681 2017 τῶν
703 1946 813 2031 νόμων
836 1947 1042 2037 ἀτιμώρητον
1067 1951 1099 2017 έν
1120 1953 1160 2038 τῇ
1184 1950 1283 2018 πόλει

207 2055 387 2135 περιιέναι,
423 2049 522 2118 αὐτὸν
559 2046 620 2139 ὑφ’
653 2053 771 2120 ἑαυτοῦ
799 2053 855 2121 καὶ
883 2061 948 2120 τῶν
978 2053 1206 2139 ψηφισμάτων
1235 2047 1282 2119 τόν

208 2153 351 2237 ἔγραψεν
380 2153 558 2222 ἑαλωκότα.
602 2154 728 2222 ταύτὸ
756 2156 795 2221 τό
827 2158 1012 2240 συνέδριον,
1043 2141 1280 2240 ιόἈθηναῑοι,

159 2258 199 2322 86
209 2258 263 2320 καὶ
287 2250 303 2320 ό
328 2253 427 2334 οὗτὸς
448 2254 563 2337 τόπος,
586 2257 642 2324 καὶ
663 2254 767 2325 ταύτά
788 2256 830 2325 τά
854 2261 974 2326 δίκαια.
1012 2255 1150 2338 όαῦτός
1172 2256 1280 2347 ῥήτωρ

208 2354 344 2436 έκείνοις
365 2384 402 2426 τε
424 2360 531 2437 α’ίτιος
554 2360 681 2444 ἐγένετο
703 2364 769 2428 τῶν
785 2361 979 2448 συμβάντων
995 2365 1099 2429 κακῶν
1121 2365 1174 2428 καὶ
1191 2359 1280 2447 αὑτῷ

206 2468 273 2527 τῶν
295 2463 352 2528 νόν
374 2467 640 2549 συμβησομένων.
679 2462 860 2548 ἐπέτρεψεν
884 2463 924 2546 [ό]
947 2459 1045 2543 αότὸς
1068 2458 1164 2542 οὗτος
1183 2463 1216 2531 έν
1231 2466 1280 2551 τῷ

90 2619 96 2626 .
207 2562 301 2650 δήμῳ
329 2571 377 2651 τῷ
405 2562 564 2653 συνεδρίῳ
592 2565 698 2653 τούτῳ
727 2578 836 2652 κρῖναι
866 2572 942 2650 περὶ
966 2565 1082 2646 αὑτοῦ,
1110 2567 1281 2651 μάρτυρας

206 2661 291 2747 ὑμᾶς
313 2673 549 2753 πεποιημένος.
589 2670 687 2736 ἔθετο
710 2670 877 2760 συνθήκας
891 2667 975 2753 μετά
988 2672 1046 2737 τοῦ
1063 2667 1178 2756 δήμου,
1202 2672 1281 2754 γρά-

206 2779 276 2853 ψας
304 2766 343 2833 τὸ
374 2767 536 2858 ψήφισμα
564 2765 646 2838 καθ’
677 2772 795 2839 ἑαυτοῦ
802 2823 811 2853 ,
848 2771 941 2855 παρὰ
975 2771 1033 2862 τήν
1062 2773 1187 2862 μητέρα
1214 2777 1280 2839 τῶν

205 2873 312 2950 θεῶν,
345 2867 366 2959 ή
395 2871 529 2939 πάντων
557 2876 623 2940 τῶν
653 2873 689 2942 έν
716 2879 787 2954 τοῖς
820 2875 991 2960 γράμμασι
1013 2874 1148 2942 δικαίων
1172 2875 1282 2962 φόλαξ

206 2977 246 3063 τῇ
268 2972 367 3041 πόλει
388 2980 581 3062 καθέστηκε.
625 2976 678 3043 όιὸ
699 2979 753 3044 καὶ
776 2976 835 3060 οόχ
858 2976 951 3046 όσιον
973 2973 1051 3062 όμῖν
1073 2979 1144 3046 ἐστι
1159 2977 1280 3058 ταύτας

98 3157 101 3164 ἱ
207 3073 346 3160 ἀκύρους
367 3088 494 3159 ποιεῖν,
525 3072 603 3146 οὐδὲ
624 3079 701 3158 τοὺς
722 3081 824 3159 θεοὺς
847 3079 1037 3166 ὀμωμοκόσι
1060 3084 1136 3166 περὶ
1160 3081 1281 3168 ταύτης

98 3188 104 3204 ·
206 3182 264 3268 τῆς
285 3187 422 3263 κρίσεως
444 3193 518 3260 ταῖς
541 3174 647 3248 αὐτῶν
669 3185 734 3250 τῶν
752 3190 843 3250 θεῶν
866 3185 1025 3270 πράξεσιν
1049 3182 1199 3252 ἐναντίαν
1221 3183 1279 3272 τήν

274 3385 320 3448 ⁸3,
338 3388 354 3438 ο
372 3374 396 3436 ὦ
413 3401 463 3438 om.
482 3385 513 3439 N.
530 3415 565 3426 -
582 3387 657 3456 ολ]
686 3384 710 3441 ι.
729 3387 767 3451 (ιι.
787 3383 830 3453 δὴ)
852 3385 874 3438 Ν
893 3402 944 3454 ηε,
968 3383 1011 3439 ια
1027 3388 1070 3442 Νι.
1094 3419 1128 3430 -
1153 3392 1280 3456 mm

205 3454 258 3508 νῦν
275 3452 321 3507 ΝΑ
340 3469 385 3521 pr„
403 3469 466 3507 corr.
485 3454 527 3508 λ’.
545 3483 579 3494 -
597 3459 612 3509 3
631 3452 662 3508 δέ
679 3456 716 3508 εῖτ
733 3456 763 3509 Ν.
783 3485 815 3494 -
834 3459 850 3508 4
867 3450 998 3525 ήμιτέριιε
1015 3457 1096 3525 Apu,
1114 3456 1280 3511 υσυαλλ-

206 3526 231 3576 4.
244 3529 259 3578 5
276 3519 340 3575 τοότ
415 3519 632 3594 συνιιλιημένουι
648 3528 695 3576 καὶ
709 3521 772 3577 τοῦτ
783 3515 960 3592 όμωμονότατ
978 3524 1048 3578 ΑΝῑι
1067 3541 1131 3578 corr.
1143 3525 1230 3577 Wurm
1246 3555 1280 3564 -

206 3589 355 3644 πείσεσθαι
373 3589 466 3643 Baiter.
484 3619 517 3630 -
536 3596 550 3644 7
574 3589 636 3645 τοῦτ
658 3587 830 3647 άθ....ὀυτ
857 3593 896 3657 (λι.
913 3585 1074 3659 όθηνοιέουτ)
1097 3592 1120 3644 Δ
1144 3609 1195 3660 pn,
1219 3590 1280 3646 τούν

206 3657 290 3712 θεοὺς
306 3660 348 3711 A1.
372 3689 406 3698 -
429 3659 508 3724 85‚5
531 3664 667 3727 περιιέναι
684 3663 715 3712 έν
731 3661 766 3732 τῇ
784 3679 814 3712 π.
832 3661 874 3713 At„
893 3689 927 3700 -·-
950 3664 1072 3715 Ἰτουτὶι
1097 3676 1161 3715 corr.
1181 3661 1279 3714 Dobree

205 3755 241 3768 -
257 3723 290 3780 τὸ
307 3733 335 3780 et
346 3731 397 3782 v.8
414 3724 449 3779 τὰ
466 3726 633 3794 ἀελῡοότεε,
651 3745 700 3783 om.
715 3737 725 3782 t
742 3757 776 3768 -
793 3725 895 3794 δίκαιοι,
912 3729 992 3799 (nal)
1008 3724 1023 3781 ὁ
1042 3727 1144 3796 Βείολι,
1162 3730 1279 3782 lacunam

205 3804 268 3862 post
285 3790 377 3848 δίκαια
400 3803 460 3849 εισι.
479 3796 614 3850 Μοελτοω.
638 3825 672 3837 -
696 3799 742 3860 86,
760 3800 776 3852 2
796 3815 827 3850 τε
845 3813 895 3850 om.
914 3799 936 3850 N
961 3828 993 3838 -
1015 3790 1090 3848 αὐτῶ
1110 3800 1131 3849 Α
1151 3813 1197 3864 με,
1214 3812 1278 3850 σωκ.

205 3864 250 3915 A’.
267 3890 301 3901 —
319 3865 334 3916 3
353 3860 367 3916 ἰ
386 3864 436 3917 del.
454 3864 546 3932 Kleyn.
563 3893 598 3906 ·-
615 3868 633 3918 4
650 3867 732 3918 αυτοῦ
749 3867 818 3932 (εἰσὶ)
837 3865 908 3934 λρι.
926 3866 1007 3933 an,
1031 3880 1095 3917 corr.
1112 3864 1192 3917 A²N².
1209 3869 1277 3918 -5

205 3928 356 4054 ypdgme-tb
367 3931 481 4051 nana&
495 3932 592 3986 διττοῦ
604 3934 710 4053 εειλυίηήῐ
723 3933 841 4052 Γήιφολιυι.
860 3963 893 3976 -
912 3937 927 3988 6
945 3929 1020 4004 παρὰ
1031 3932 1067 4005 τῇ
1078 3936 1161 4000 μητρὶ
1174 3931 1278 3987 Reiske.

206 4027 239 4038 —
291 4018 326 4072 τη
344 4019 366 4054 τι
412 4016 518 4069 ιεοριι
535 4017 670 4055 versuma
706 4039 712 4053 .
767 4041 773 4054 .
