2882 4554
423 295 429 298 -
512 269 596 321 ΚΑΤΑ
614 267 863 322 ΔΗΜΟΣΘΕΝΟΥΣ.
1186 266 1225 326 36

158 439 235 519 τοὺς
267 433 573 524 ἀποπεφασμένους
606 439 659 523 καί
696 436 772 515 τοὺς
804 435 984 521 μέλλοντας
1013 430 1151 522 ἀφέντες
1181 437 1227 515 εἷς
1276 510 1278 519 Ι

158 538 243 626 ὑμᾶς
265 539 383 618 αὐτοὺς
411 542 463 606 καὶ
494 541 550 605 τὸν
578 540 680 628 δῆμον
703 540 760 628 τὴν
783 539 908 605 τούτων
932 539 1132 624 δωροδοκίαν
1155 545 1227 624 τρέ-

158 657 250 730 ψετε,
274 637 332 711 κάν
355 641 490 726 ὕστερον
513 642 666 731 ἐγκαλῆτε
689 652 760 720 τοῖς
783 640 926 728 ἀφεῖσιν,
953 637 1007 709 δτε
1023 637 1116 707 οάδέν
1134 641 1226 708 ἐσται

158 747 260 814 πλέον
282 742 371 828 ὖμῖν,

239 844 321 931 Ἐγὼ
340 848 403 930 μὲν
426 831 494 927 οάν,
519 843 597 912 ὅσον
621 845 667 923 εἰς
689 844 727 911 τὸ
750 849 848 928 μέρος
870 839 991 927 τοδμδν
1014 846 1073 931 τῆς
1087 868 1224 930 κατηγο·
1239 850 1299 910 114

158 947 232 1037 ρέος
255 945 341 1038 ἥκει,
370 947 576 1035 βεβοήθηκα,
606 933 712 1013 τάλλα
741 946 850 1013 πάντα
879 945 1030 1031 παριδών
1057 944 1142 1034 πλὴν
1165 950 1224 1012 τοῦ

159 1054 286 1120 δικαίου
315 1052 369 1118 καί
396 1054 455 1119 τοῦ
484 1049 710 1137 συμφέροντος
740 1043 826 1131 ὑμῖν.
877 1047 935 1114 οὐκ
964 1049 1224 1135 ἐγκαταλέλοιπα

158 1152 215 1238 τήν
238 1154 353 1235 πόλιν,
382 1151 422 1219 οδ
452 1151 545 1235 χάριν
573 1146 847 1235 προύργιαιτέραν
870 1157 929 1238 τῆς
950 1153 1008 1217 τοῦ
1032 1149 1136 1236 δήμου
1157 1175 1223 1232 χει-

158 1254 309 1340 ροτονίας
332 1253 548 1340 ἐποιησάμην.
590 1250 690 1331 ἀξιῶν
715 1252 749 1318 δέ
772 1253 824 1318 καλ
848 1246 932 1334 ὑμᾶς
953 1252 1010 1337 τὴν
1026 1244 1128 1340 αάτην
1143 1249 1225 1336 γνά-

158 1383 221 1445 μην
245 1357 327 1440 ’ἐχειν
351 1355 565 1439 παραδίδωμι
587 1353 625 1420 τὸ
649 1349 737 1437 ἀδωρ
760 1358 831 1432 τοῖς
854 1350 966 1431 ἀλλοις
988 1349 1191 1440 κατηγόροις.
1220 1357 1224 1370 “

674 1645 709 1706 11.

333 1817 337 1901 Ι
362 1813 520 1896 ΚΑΤΑ
563 1811 1047 1894 ΑΡΙΣΤΟΓΕΙΤΟΝΟΣ.
1237 1824 1280 1876 1⁰⁵

241 1984 372 2070 Πόντῳ,
401 1983 445 2064 ὡς
475 1986 592 2065 ἐοικεν,
625 1975 651 2051 ιά
675 1981 866 2072 Ἀθηναῖοι,
898 1981 1127 2072 προσδοκητέα
1155 1986 1226 2056 ἐστὶ

156 2089 211 2156 καὶ
239 2085 377 2155 ἀκοῦσαι
407 2090 459 2154 καί
490 2087 571 2155 ἰδεῖν
600 2087 636 2156 ἐν
664 2093 738 2167 ταῖς
763 2086 988 2175 γεγενημέναις
1012 2083 1224 2174 ἀποφάσεσι·

156 2190 437 2272 θαυμασιώτατον
462 2190 498 2258 δέ
519 2190 669 2271 πάντων,
701 2187 746 2268 ὦς
768 2189 842 2274 ἐμοὶ
865 2191 967 2270 δοκεῖ,
996 2188 1034 2255 τό
1058 2198 1114 2256 νῦν
1136 2191 1225 2277 γινό-

157 2317 266 2378 μενον.
310 2289 327 2359 ὁ
351 2291 411 2376 γάρ
433 2292 657 2378 πονηρότατος
682 2300 747 2359 τῶν
771 2293 804 2359 ἐν
827 2296 868 2380 τῇ
890 2292 1004 2374 πόλει,
1034 2292 1159 2376 μᾶλλον
1190 2295 1225 2361 δὲ

157 2397 210 2462 καί
233 2397 298 2461 τῶν
321 2391 429 2461 ἀλλων
453 2389 652 2480 ἀνθρώπων,
679 2389 930 2479 Ἀριστογείτων
954 2393 1226 2479 διαδικασόμενος

157 2497 227 2586 ἥκει
254 2505 295 2585 τῇ
323 2497 359 2577 ἐξ
382 2491 513 2580 Ἀρείου
535 2495 646 2581 πάγου
670 2500 773 2584 βουλῇ
802 2496 881 2581 περὶ
910 2495 1071 2581 ἀληθείας
1099 2499 1151 2563 καί
1176 2498 1226 2565 δι-

157 2598 340 2686 καιοσύνης,
364 2598 419 2665 καὶ
441 2601 510 2664 νυνλ
532 2599 665 2681 μείζονα
689 2596 837 2664 κίνδυνον
860 2593 880 2687 ἦ
902 2597 959 2682 τὴν
976 2593 1150 2685 ἀπόφασιν
1166 2623 1226 2665 πε-

157 2707 318 2788 ποιημένη
341 2701 443 2790 βουλὴ
466 2699 645 2767 κινδυνεύει
665 2693 687 2787 ἢ
707 2696 724 2765 ὃ
741 2701 831 2784 δῶρα
849 2699 1024 2784 λαμβάνων
1039 2698 1121 2766 καθ’
1135 2696 1226 2784 ὑμῶν

157 2803 213 2872 καὶ
241 2803 297 2890 τὴν
326 2800 408 2887 ὑπὲρ
431 2806 497 2870 τῶν
521 2799 655 2870 δικαίων
677 2808 864 2890 παρρησίαν
887 2801 1099 2885 ἀποδόμενος
1121 2805 1226 2871 εἴκοσι

157 2909 256 2991 μνῶν.
301 2904 405 2990 τούτῳ
428 2911 486 2988 μέν
509 2931 544 2991 γε
566 2905 678 2973 καινὸν
702 2905 796 2972 οὐδὲν
820 2901 894 2972 οὐδὲ
919 2900 1035 2986 δεινόν,
1066 2905 1121 2972 ἐὰν
1145 2903 1256 2992 &affl

159 3007 379 3098 συμβήσεται·
402 3008 454 3074 καὶ
477 3007 537 3092 γὰρ
560 3007 711 3074 θανάτου
736 3007 812 3088 ἀξια
827 3007 937 3074 πολλὰ
952 3007 1113 3091 πρότερον
1130 3007 1223 3091 ἕτερα

159 3111 419 3194 διαπέπρακται,
458 3108 512 3176 καί
541 3109 573 3176 ἐν
602 3118 649 3196 τῷ
680 3111 892 3197 δεσμωτηρίῳ
924 3110 1029 3175 πλείω
1056 3107 1171 3192 χρόνον
1203 3100 1224 3196 ἢ

158 3208 221 3291 ἐξω
245 3213 448 3298 διατέτριφε,
478 3213 531 3278 καὶ
555 3209 698 3297 ὀφείλων
722 3215 768 3298 τῷ
792 3213 939 3298 δημοσίῳ
961 3207 1043 3277 κατά
1065 3214 1130 3276 τῶν
1154 3211 1225 3277 ἐπι-

156 3321 261 3397 τίμων
284 3318 443 3400 γέγραφεν
466 3311 525 3380 οάκ
543 3313 614 3392 ἐξὸν
631 3307 729 3401 αάτῴ,
752 3313 807 3380 καί
822 3312 916 3398 ἐτερα
931 3309 1041 3379 πολλά
1063 3315 1115 3379 καὶ
1133 3312 1224 3398 δεινα

156 3422 328 3503 πεποίηκε,
353 3417 428 3501 περὶ
453 3411 497 3482 ὧν
521 3413 750 3501 ἀκριβέστερον
764 3412 891 3498 ’ὑμεῖς
914 3415 992 3498 ἐμοῦ
1014 3414 1222 3502 γιγνώσκετε·
1243 3477 1248 3484 .

126 3543 130 3550 ’
156 3522 195 3606 τῇ
226 3519 260 3584 δέ
288 3518 393 3606 βουλῇ
420 3517 458 3582 τὸ
486 3517 581 3597 δόξαι
609 3516 683 3599 [καὶ]
712 3518 819 3603 ψευδῆ
841 3516 923 3584 κατὰ
941 3515 1223 3602 Ἀριστογείτονος

226 3675 257 3726 12
280 3675 325 3723 καὶ
342 3672 365 3722 A
383 3686 421 3736 pr.
440 3675 462 3736 t,
485 3690 525 3723 κα.
545 3671 566 3723 Ν
584 3661 711 3753 pubet&
730 3669 799 3722 A¹N¹
823 3699 856 3709 -
880 3667 1015 3742 ἐγκαλεῖτε
1039 3669 1116 3736 Apr.
1135 3672 1159 3731 t,
1183 3667 1224 3738 ίγ-

155 3738 256 3793 naim
273 3739 296 3791 Ν
314 3756 359 3807 ηπ,
378 3737 505 3810 έγιιυιλῖγτε
521 3739 599 3802 A¹N¹‚
617 3733 688 3790 καθ’
702 3730 816 3808 ὕστερον
833 3740 847 3790 έ
863 3737 969 3791 καλεῖτε
986 3737 1069 3791 Blass.
1086 3736 1195 3801 -114,
1209 3739 1225 3789 4

155 3827 226 3879 πρσρ
244 3831 261 3861 ι.
280 3807 302 3858 Α
321 3824 371 3873 pr„
395 3823 470 3891 corn*
477 3807 519 3862 Αἱ.
538 3807 611 3860 -N
630 3806 735 3858 subicit:
758 3806 826 3860 κατὰ
844 3757 1039 3874 δημοσθένους.
1063 3833 1098 3844 -
1120 3805 1190 3869 11,1‚
1212 3807 1224 3858 1

157 3875 213 3930 πάν
241 3873 249 3893 ’
269 3872 306 3929 &a
322 3880 423 3942 ἔοικεν,
447 3895 469 3927 ω
487 3871 582 3945 ἄνδρες
599 3874 705 3943 Dionys.
724 3875 755 3928 de
772 3875 828 3929 Din.
846 3876 897 3930 iud.
918 3878 957 3928 10.
982 3903 1015 3912 -
1038 3874 1100 3940 2,4
1123 3875 1169 3926 ἐπὶ
1187 3890 1225 3924 τι·

155 3944 218 4011 μῶν
235 3944 280 3998 ΝΔ
293 3962 343 4012 ραι
362 3961 426 3998 corr.
437 3943 479 3996 λλ.
499 3973 531 3982 -
551 3945 566 3994 6
584 3938 656 4011 ὑμεῖς
674 3937 762 4013 ἀκριβ.
775 3945 806 3999 N.
824 3975 857 3984 -
876 3948 890 3996 ἵ
910 3937 989 4004 δόξαν
1007 3946 1052 3993 καὶ
1070 3957 1100 4008 φ.
1118 3941 1164 3992 ΝΑ
1178 3955 1226 4006 ρο,

155 4016 202 4064 καὶ
219 4013 245 4064 in
262 4012 284 4063 A
302 4029 401 4067 erasum
420 4029 468 4068 om.
488 4016 506 4080 t,
525 4006 603 4074 δόξαι
620 4007 657 4064 τά
676 4027 707 4082 φ.
724 4012 807 4080 ΒΙοεε,
825 4027 885 4066 num
903 4007 936 4063 τὸ
954 4014 1000 4062 καὶ
1019 4005 1096 4070 δόξαι
1115 4013 1164 4080 φλ

983 4094 1020 4148 3*
