2882 4554
524 255 609 309 ΚΑΤΑ
625 252 877 313 ΔΗΝΟΣΘΕΝΟΥΣ.
1199 254 1240 315 25

164 432 302 519 βουλος,
331 425 388 496 καὶ
416 422 475 491 δύο
504 422 626 502 ταύτας
653 422 758 509 μόνας
781 423 820 491 ίν
842 431 896 512 τῷ
918 430 995 512 βίῳ
1017 429 1241 512 Δημοσθένης

166 537 351 618 πεποίηται
374 522 580 612 ἀποδημίας,
602 525 687 607 μετὰ
709 525 769 615 τὴν
791 520 897 612 μάχην
921 521 976 593 ὅτε
999 519 1240 610 ἀπεδίδρασκεν

166 635 202 704 ἐκ
223 640 282 723 τῆς
304 631 445 711 πόλεως,
468 631 523 696 καί
546 631 602 695 νῦν
626 626 673 706 εἰς
688 625 883 710 Ὀλυμπίαν,
907 627 982 696 ἐπεὶ
997 628 1160 715 Νικάνορι
1183 631 1241 697 διὰ

165 739 224 825 τῆς
247 733 470 822 ἀρχιθεωρίας
493 730 635 813 ἐντυχεῖν
658 729 822 814 ἐβούλετο.
867 728 959 810 άξιόν
984 755 1021 817 γε
1042 731 1149 817 τούτῳ
1172 758 1239 798 πα-

167 842 425 924 ρακαταθέσθαι
445 833 504 922 τὴν
526 832 627 900 πόλιν
656 836 711 900 καὶ
737 831 922 918 ἐπιτρέψαι
942 833 1139 901 κινδυνεύειν
1160 834 1240 916 μίλ-

164 943 298 1021 λσντας,
328 935 365 1016 ὃς
394 933 449 1004 ὅτε
477 935 536 1021 μὲν
563 935 633 1003 ἔδει
653 935 824 1018 μάχεσθαι
845 934 1014 1019 μετὰτῶν
1036 932 1145 1003 άλλων
1167 945 1240 1014 τοῖς

164 1040 350 1125 πολεμίους,
380 1038 488 1106 λιπὼν
511 1037 571 1125 την
593 1036 686 1117 τάξιν
709 1035 811 1125 ᾤχετο
835 1033 944 1105 άπιών
968 1039 1090 1119 σ’ίκαδε,
1122 1037 1237 1126 ἐπειδὴ

165 1146 202 1213 δὲ
224 1146 389 1230 προσῆκεν
413 1142 502 1209 σ’ίκοι
521 1139 720 1208 κινδυνεύειν
742 1140 912 1221 μετὰτῶν
936 1137 1053 1222 ἄλλων,
1077 1147 1240 1227 πρεσβευ-

164 1247 221 1337 τὴν
259 1243 362 1324 αύτδς
397 1241 497 1311 αὑτὸν
525 1242 801 1328 προβαλόμενος
829 1240 931 1330 ᾤχετο
960 1242 995 1310 ἐκ
1022 1245 1080 1332 τῆς
1108 1241 1240 1322 πόλεως

165 1345 332 1432 άποδράς,
368 1345 483 1433 ἐπειδὴ
515 1345 552 1414 δὲ
580 1345 776 1431 πρεσβεύειν
805 1345 872 1412 ἔδει
901 1347 979 1431 περὶ
1008 1353 1067 1434 τῆς
1097 1343 1237 1434 εἰρήνης,
1249 1355 1290 1420 82

166 1451 224 1520 οὐκ
246 1444 286 1518 όν
310 1451 452 1538 ἐ’φασκεν
475 1448 509 1516 ίκ
530 1451 589 1535 τῆς
610 1447 742 1527 πόλεως
771 1449 920 1528 ἐξελθεῖν
948 1445 1025 1516 οὐδὲ
1047 1448 1103 1515 τὸν
1127 1448 1238 1532 ἕτερον

165 1554 266 1634 πόδα,
292 1551 408 1641 ἐπειδὴ
433 1552 468 1618 δὲ
490 1551 568 1630 τούς
591 1548 741 1638 φυγάδας
759 1548 975 1636 Ἀλέξανδρον
995 1550 1125 1635 ἔφασαν
1140 1551 1239 1617 κατά-

165 1683 233 1744 γειν
255 1655 311 1723 καὶ
332 1653 487 1738 Νικάνωρ
511 1653 558 1732 είς
576 1648 760 1735 Ὀλυμπίαν
782 1647 874 1740 ἧκεν,
906 1647 1112 1738 ἀρχεθεωρὸν
1139 1650 1238 1720 αύτὸν

165 1758 326 1827 ἐπέδωκε
348 1761 387 1847 τῇ
409 1758 525 1845 βουλῇ.
547 1758 700 1834 τοιοῦτος
722 1748 829 1835 οὗτος,
854 1756 887 1822 ἓν
909 1757 968 1840 μὲν
990 1766 1065 1835 ταῖς
1087 1756 1239 1841 παρατά-

165 1863 253 1942 ξεσιν
277 1858 491 1942 οἰκουρός,
524 1857 557 1925 ἐν
587 1855 624 1925 δὲ
650 1867 724 1935 τοῖς
753 1857 840 1924 σ’ίκοι
866 1863 1002 1941 μένουσι
1024 1855 1237 1947 πρεσβευτής,

164 1964 200 2033 ἓν
224 1963 261 2031 δὲ
282 1967 355 2040 τοῖς
376 1964 597 2047 πρεσβευταῖς
620 1961 828 2048 δραπέτης
850 1958 949 2028 ἐστίν.

249 2069 341 2150 Λέγε
363 2064 403 2154 δὴ
430 2065 485 2131 καί
510 2062 560 2130 τά
581 2061 659 2147 περὶ
684 2061 847 2150 ζητήσεως
869 2065 945 2144 [τῶν
965 2062 1150 2149 χρημάτων]
1174 2075 1238 2148 ψη-

165 2165 358 2255 φίσματα,
389 2163 410 2232 ά
439 2165 567 2251 ἔγραψε
588 2170 809 2252 Δημοσθένης
837 2172 880 2253 τῇ
909 2165 947 2245 ίξ
971 2163 1105 2248 Ἀρείυυ
1128 2163 1237 2249 πάγου

164 2268 268 2355 βουλῇ
289 2271 368 2353 περί
391 2263 493 2334 αὑτοῦ
519 2293 555 2334 τε
583 2265 639 2334 καλ
665 2262 774 2350 ὑμῶν,
805 2266 860 2334 λ’να
888 2264 975 2352 παρ’
1001 2265 1126 2354 ἄλληλα
1147 2272 1238 2334 θεω·

165 2368 323 2458 ρὴσαντες
346 2367 453 2456 εἰδῆτε
474 2367 534 2456 τὴν
556 2372 797 2455 Δημοσθένους
820 2363 995 2436 ἀπόνοιαν.

606 2525 802 2580 ΨΗΦΙΣΜΛ.

246 2708 415 2797 Ἔγραψας
437 2709 477 2776 σύ
499 2716 598 2777 τοῦτο
620 2708 857 2798 Δημόσθενες,·
884 2709 1047 2795 ἔγραψας·
1070 2703 1128 2775 ούκ
1150 2709 1238 2776 ἔστιν
1250 2716 1291 2781 83

166 2805 346 2879 άντειπεῖν.
382 2811 507 2896 ἐγένετο
530 2807 551 2900 ἡ
573 2812 677 2899 βουλὴ
695 2819 789 2895 κυρία
805 2814 865 2878 σού
881 2810 1132 2897 προστάξαντος
1139 2841 1150 2895 ,·
1172 2811 1241 2898 ἐγέ-

164 2938 248 2982 νετο.
289 2920 432 2982 τεθνᾶσι
454 2917 520 2980 τῶν
543 2915 692 2982 πολιτῶν
715 2913 849 2998 ἄνδρες,
871 2921 1023 2982 τεθνᾶσι.
1067 2913 1177 2999 κύριον
1200 2901 1240 3004 ἧν

164 3014 203 3083 τά
226 3016 284 3084 σὸν
306 3013 470 3105 ψήφισμα
492 3012 566 3083 κατ’
592 3017 742 3100 ἐκείνωνς
765 3013 927 3085 ἀδύνατον
951 3011 1128 3084 άντειπεῖν.

233 3255 276 3322 81,
295 3258 310 3309 2
328 3255 360 3308 ίυ
375 3254 416 3320 τῷ
435 3259 463 3322 β.
481 3254 562 3308 deleri
580 3256 636 3307 vult
653 3253 784 3308 Maetzner
805 3259 831 3308 et
848 3258 908 3322 post
922 3255 973 3322 legi
989 3251 1089 3323 μάχην,
1107 3249 1161 3321 ὅτι,
1180 3256 1239 3309 fort.

164 3322 281 3389 ἑκουσίᾳ,
299 3322 374 3376 Βλεεε
392 3323 450 3375 addi
468 3323 540 3377 iubet
557 3319 637 3376 ἑκὼν.
655 3353 689 3362 -
707 3328 724 3379 4
742 3341 830 3377 ...ετ
848 3326 869 3375 Α
888 3339 934 3390 με,
954 3324 1014 3378 ἐπεὶ
1032 3325 1075 3392 Αἱ,
1092 3325 1138 3378 λπί
1156 3324 1188 3377 Ν.
1206 3353 1240 3363 -

164 3395 180 3444 6
200 3393 360 3462 ἐπιτρίψειν
378 3390 409 3444 Ν.
430 3419 465 3430 -
487 3393 581 3446 Βίπεί
599 3386 630 3443 δὲ
646 3391 678 3444 Ν.
695 3421 728 3430 -
748 3395 779 3445 10
798 3386 1019 3460 προβαλλόμενος
1036 3392 1081 3445 ΝΑ
1100 3409 1152 3461 pr„
1173 3393 1199 3444 in
1217 3393 1240 3444 A

163 3475 251 3513 rasura
270 3475 335 3512 corr.
353 3489 384 3498 -
404 3458 450 3523 82,
467 3463 480 3512 1
500 3459 609 3529 εἰρη...
628 3459 710 3527 Νρε,
729 3459 849 3513 σοικΝῑ.
867 3490 900 3500 -
920 3463 935 3514 3
953 3464 1014 3514 ἐπεὶ
1031 3457 1063 3513 δὲ
1080 3459 1101 3512 Ν
1120 3490 1153 3499 -
1171 3479 1240 3546 γυ.-

162 3523 249 3599 γάδατ
265 3531 288 3580 Α
307 3543 359 3594 pr„
384 3541 471 3580 rasura
489 3544 554 3581 corr.
570 3557 605 3567 —
623 3546 802 3581 κατα....ιν
819 3531 840 3580 Α
859 3544 910 3596 pr..
934 3544 998 3582 corr.
1016 3529 1059 3581 Αἱ.
1076 3558 1109 3568 -
1128 3532 1145 3581 4
1167 3546 1240 3596 αρχι·

164 3595 285 3666 θεωρῶν
302 3597 325 3648 Ν
342 3611 391 3663 σε,
414 3610 478 3648 corr.
496 3597 532 3648 N¹
548 3625 583 3636 -
601 3591 686 3649 αὐτὸν
703 3599 725 3648 Α
744 3612 783 3662 pr.
799 3595 822 3649 N
841 3613 887 3664 pr„
910 3613 974 3650 corr.
992 3596 1071 3650 A²N².
1090 3625 1121 3634 -
1142 3600 1157 3650 5
1175 3591 1241 3648 ἀπέ-

164 3659 249 3717 amm:
268 3680 331 3718 corr.
344 3663 468 3730 Scaliger.
487 3693 519 3702 -
538 3667 553 3717 6
567 3669 593 3717 ει
606 3668 620 3717 7
639 3680 718 3717 voce·
736 3662 857 3733 οἰκουρὸς
869 3672 895 3718 εί
907 3662 1042 3736 δραπέτης
1054 3680 1111 3716 cum
1126 3663 1239 3732 Sauppio

163 3733 354 3799 transponenda
373 3733 491 3785 videntur
508 3762 540 3771 -
559 3735 689 3800 μένουσιν
705 3733 737 3786 Α.
760 3761 793 3772 -
815 3736 831 3787 8
852 3737 916 3803 περὶ
933 3733 980 3799 τῆε
998 3734 1020 3796 ζ.
1040 3731 1062 3785 N
1081 3760 1112 3770 -
1130 3730 1163 3784 τὸ

163 3796 294 3871 ψήφισμα
312 3802 383 3854 ANt:
408 3816 471 3854 corr.
492 3800 565 3854 ΒΙεεε
587 3829 619 3838 -
643 3805 707 3869 περὶ
800 3796 948 3870 χρήματων
966 3801 1016 3854 del.
1034 3799 1157 3867 Troebst,
1180 3801 1241 3853 τῶν

163 3888 204 3937 χρ.
222 3870 325 3934 seclusi,
343 3870 376 3922 εί.
394 3869 412 3921 G
430 3885 456 3936 p.
470 3871 514 3928 λίς
532 3869 650 3922 lacunam
668 3874 728 3936 post
746 3865 805 3941 λίγα
822 3866 856 3934 δὴ
873 3877 933 3924 stat.
951 3867 1092 3934 Μεείεσετ,
1117 3875 1176 3937 post
1194 3865 1241 3920 αδ-

162 3937 212 4056 {ab
228 3941 321 3990 τεκαὶ
339 3931 418 4058 '³²⁴‘ss
441 3936 471 3990 Η.
490 3936 565 3991 Weil.
588 3964 622 3975 —
646 3940 662 3991 9
679 3931 696 3989 δ’
713 3937 783 3991 ANtz
811 3954 875 3991 corr.
892 3936 1030 3991 Maetzner.
1052 3964 1088 3976 -
1111 3941 1142 3991 10
1160 3931 1240 4005 ἡμῶν

203 4019 240 4072 pr.
259 4011 277 4072 t,
296 4022 360 4061 corr.
415 4046 421 4059 .
